2190 3764
175 265 237 324 138
509 279 533 324 s
556 278 687 330 iusum
747 312 750 322 .

170 439 320 500 moriendo
351 437 521 516 exemplum
553 439 699 501 moriendi
729 442 849 517 propter
876 436 1027 516 justitiam

169 545 269 604 dedit?
299 545 410 605 frustm
436 543 566 622 quipps1
591 545 753 606 imitatores
779 545 845 622 ejus
869 549 972 620 erunt,
999 544 1037 605 si,

169 650 268 710 meriti
290 649 355 727 ejus
368 650 527 728 participes
540 667 600 715 non
613 655 707 711 eruut
743 650 805 711 Aut
822 651 902 729 quod
911 650 1037 728 justius,

168 756 258 816 faciet
288 756 427 816 haeredes
458 755 561 831 debiti,
598 773 657 834 quo
686 756 753 833 ipse
782 773 844 818 uon
877 761 958 834 eget,
983 760 1036 835 et,

167 861 366 922 exundantiae
407 879 478 922 suae
516 860 724 938 plenitudinis,
765 878 854 939 quam
884 866 1023 940 parentes

169 984 239 1027 suos
261 972 292 1028 ct
313 968 432 1042 matres,
459 985 534 1045 quos
556 966 663 1044 aspicit
684 971 781 1029 tutet
801 967 893 1028 tantis
915 967 1023 1044 debitis

166 1073 312 1150 obligatos
339 1077 468 1149 egestate
494 1073 644 1134 tabescere
668 1073 703 1132 in
723 1072 869 1152 profundo
890 1072 1024 1134 miseria-

166 1197 246 1253 rum,
269 1183 304 1238 ut
325 1179 369 1238 eis
391 1178 567 1254 dimittatur,
591 1178 669 1256 quod
688 1197 742 1257 pro
759 1178 889 1256 peccatis
906 1179 1033 1254 deberit,¹

165 1289 198 1345 et
220 1285 317 1359 detur,
341 1301 399 1362 quo
420 1289 540 1361 propter
561 1289 716 1361 peccatum
737 1287 857 1345 carent?

187 1440 189 1445 s
233 1390 317 1450 Boso.
351 1389 436 1449 Nihil
457 1389 672 1466 rationabilius,
695 1390 773 1450 nihil
790 1384 921 1466 dulcius,
943 1389 1029 1460 nihil·

164 1495 389 1556 desiderabilius
410 1495 540 1556 mundus
558 1495 659 1556 audire
675 1501 781 1573 potest
812 1495 876 1573 Ego
894 1496 1029 1575 quippei.

165 1605 279 1660 tantam
304 1600 442 1660 fiduciam
468 1618 508 1661 ex
533 1601 590 1662 hoc
611 1602 756 1678 concipio,
782 1606 818 1662 ut
839 1602 903 1679 jam
924 1601 1022 1677 dicere

165 1724 226 1766 non
252 1707 377 1785 possim,
409 1712 518 1784 quanto
549 1707 656 1784 gaudio
687 1707 803 1768 emiltet
832 1725 882 1769 cor
912 1725 1021 1784 meum

165 1811 292 1872 Videtur
319 1813 399 1873 enim
420 1813 507 1887 mihi,
535 1813 614 1890 quod
638 1813 758 1873 nullum
780 1812 936 1890 hominem
951 1813 1029 1891 rejis.

164 1919 224 1979 ciat
246 1919 327 1978 Deus
350 1917 406 1983 ad³
429 1936 461 1978 se
484 1919 539 1979 sub
560 1918 617 1979 hoc
638 1918 757 1994 nomine
778 1919 975 1980 accedentem.

230 2026 361 2085 Araura.
415 2024 462 2084 Ita
492 2028 550 2110 est,
585 2024 612 2084 si
642 2024 755 2084 accedit
786 2024 864 2085 sicut
894 2029 1020 2101 oportet.

163 2128 415 2204 Quemadmodum
437 2134 536 2189 autem
558 2129 599 2190 sit
619 2130 657 2189 ad
678 2134 777 2190 mutae
794 2130 906 2207 gratiae
928 2132 1026 2207 parti.

162 2237 340 2313 cipationem
374 2236 583 2310 accedendum,
629 2240 659 2295 et
694 2236 838 2313 quomodo
874 2237 930 2296 sub
967 2236 1023 2295 iila

161 2342 334 2417 vivendum,
357 2359 411 2402 nos
433 2342 543 2418 ubique
560 2359 643 2401 sacra
661 2341 806 2419 scriptura
822 2342 920 2417 docet,
943 2359 1020 2419 quae

161 2465 253 2524 super
284 2447 409 2508 solidam
438 2447 604 2521 veritatem,
641 2465 731 2524 quam
766 2447 924 2523 adjuvante
955 2446 1019 2508 Deo

159 2553 349 2631 aliquatenus
366 2553 586 2632 perspeximus,
604 2553 688 2613 velut
706 2569 796 2630 super
812 2553 932 2612 firmum
949 2553 1020 2612 fun-

158 2659 332 2720 dementum
353 2658 494 2718 fimdata4
517 2663 570 2719 est
976 2721 979 2729 ,
1016 2726 1018 2731 ,

228 2766 312 2826 Boso.
344 2765 423 2826 Vere
445 2764 589 2842 quidquid
607 2782 697 2842 super
713 2765 940 2835 tundamentum
961 2764 1020 2827 hoo

159 2871 345 2947 aedificatur,
368 2888 458 2948 super
480 2871 595 2929 firmam
617 2875 732 2947 petram
753 2871 901 2930 fundatur.

227 2981 359 3038 Ausara.
413 2977 489 3036 Puto
524 2994 573 3036 me
608 2976 826 3054 aliquantulum
854 2977 917 3052 jam
947 2981 1018 3039 tuae

159 3084 341 3144 satisfecisse
372 3083 548 3160 quaestioni,
582 3083 717 3159 quamvis
748 3082 805 3142 hoc
835 3081 941 3142 melior
970 3098 1021 3145 ms

224 3201 277 3256 1ιιὶ.
297 3201 415 3270 quidem.
454 3200 606 3254 ’clanim
645 3199 787 3255 ‘aicae
825 3199 1018 3269 ‘alfirmctc
