<?xml version="1.0" encoding="UTF-8"?>
<!DOCTYPE html PUBLIC "-//W3C//DTD XHTML 1.0 Transitional//EN"
    "http://www.w3.org/TR/xhtml1/DTD/xhtml1-transitional.dtd">
<html xmlns="http://www.w3.org/1999/xhtml" xml:lang="en" lang="en">
 <head>
  <title>
</title>
<meta http-equiv="Content-Type" content="text/html;charset=utf-8" />
  <meta name='ocr-system' content='tesseract 3.04.00' />
  <meta name='ocr-capabilities' content='ocr_page ocr_carea ocr_par ocr_line ocrx_word'/>
</head>
<body>
  <div class='ocr_page' id='page_1' title='image "./curdeushomolibr01ansegoog_0099.png"; bbox 0 0 2190 3764; ppageno 0'>
   <div class='ocr_carea' id='block_1_1' title="bbox 117 287 632 349">
    <p class='ocr_par' dir='ltr' id='par_1_1' title="bbox 117 287 632 349">
     <span class='ocr_line' id='line_1_1' title="bbox 117 287 632 349; baseline 0.006 -5"><span class='ocrx_word' id='word_1_1' title='bbox 117 287 161 345; x_wconf 79' lang='grc'>92</span> <span class='ocrx_word' id='word_1_2' title='bbox 457 303 481 349; x_wconf 81' lang='lat' dir='ltr'>s</span> <span class='ocrx_word' id='word_1_3' title='bbox 504 303 632 348; x_wconf 74' lang='lat' dir='ltr'>insanin</span> 
     </span>
    </p>
   </div>
   <div class='ocr_carea' id='block_1_2' title="bbox 116 461 970 1277">
    <p class='ocr_par' dir='ltr' id='par_1_2' title="bbox 116 461 970 1050">
     <span class='ocr_line' id='line_1_2' title="bbox 118 461 970 536; baseline 0.005 -18"><span class='ocrx_word' id='word_1_4' title='bbox 118 462 189 519; x_wconf 85' lang='lat' dir='ltr'>lecit</span> <span class='ocrx_word' id='word_1_5' title='bbox 204 461 286 520; x_wconf 87' lang='lat' dir='ltr'>Deus</span> <span class='ocrx_word' id='word_1_6' title='bbox 308 461 345 521; x_wconf 91' lang='lat' dir='ltr'>de</span> <span class='ocrx_word' id='word_1_7' title='bbox 367 461 430 522; x_wconf 85' lang='lat' dir='ltr'>viro</span> <span class='ocrx_word' id='word_1_8' title='bbox 453 461 517 522; x_wconf 91' lang='lat' dir='ltr'>siue</span> <span class='ocrx_word' id='word_1_9' title='bbox 539 462 662 536; x_wconf 84' lang='lat' dir='ltr'>femina,</span> <span class='ocrx_word' id='word_1_10' title='bbox 685 462 763 523; x_wconf 87' lang='lat' dir='ltr'>facta</span> <span class='ocrx_word' id='word_1_11' title='bbox 784 467 831 524; x_wconf 90' lang='lat' dir='ltr'>est</span> <span class='ocrx_word' id='word_1_12' title='bbox 852 464 891 523; x_wconf 87' lang='lat' dir='ltr'>de</span> <span class='ocrx_word' id='word_1_13' title='bbox 908 464 970 522; x_wconf 84' lang='lat' dir='ltr'>vir·</span> 
     </span>
     <span class='ocr_line' id='line_1_3' title="bbox 118 566 969 646; baseline 0.005 -22"><span class='ocrx_word' id='word_1_14' title='bbox 118 567 201 641; x_wconf 83' lang='lat' dir='ltr'>gine,</span> <span class='ocrx_word' id='word_1_15' title='bbox 224 567 361 627; x_wconf 87' lang='lat' dir='ltr'>convenit</span> <span class='ocrx_word' id='word_1_16' title='bbox 383 566 483 641; x_wconf 86' lang='lat' dir='ltr'>valde,</span> <span class='ocrx_word' id='word_1_17' title='bbox 505 572 540 626; x_wconf 90' lang='lat' dir='ltr'>ut</span> <span class='ocrx_word' id='word_1_18' title='bbox 561 569 608 626; x_wconf 85' lang='lat' dir='ltr'>vir</span> <span class='ocrx_word' id='word_1_19' title='bbox 629 586 760 646; x_wconf 88' lang='lat' dir='ltr'>quoquc,</span> <span class='ocrx_word' id='word_1_20' title='bbox 783 569 835 646; x_wconf 89' lang='lat' dir='ltr'>qui</span> <span class='ocrx_word' id='word_1_21' title='bbox 857 569 910 629; x_wconf 89' lang='lat' dir='ltr'>fiet</span> <span class='ocrx_word' id='word_1_22' title='bbox 932 571 969 628; x_wconf 89' lang='lat' dir='ltr'>de</span> 
     </span>
     <span class='ocr_line' id='line_1_4' title="bbox 119 672 969 752; baseline 0.005 -22"><span class='ocrx_word' id='word_1_23' title='bbox 119 672 230 732; x_wconf 89' lang='lat' dir='ltr'>femina</span> <span class='ocrx_word' id='word_1_24' title='bbox 253 673 316 732; x_wconf 91' lang='lat' dir='ltr'>sine</span> <span class='ocrx_word' id='word_1_25' title='bbox 339 672 415 746; x_wconf 89' lang='lat' dir='ltr'>viro,</span> <span class='ocrx_word' id='word_1_26' title='bbox 437 673 489 732; x_wconf 89' lang='lat' dir='ltr'>fiat</span> <span class='ocrx_word' id='word_1_27' title='bbox 510 672 548 732; x_wconf 87' lang='lat' dir='ltr'>de</span> <span class='ocrx_word' id='word_1_28' title='bbox 569 672 692 750; x_wconf 82' lang='lat' dir='ltr'>virgine.</span> <span class='ocrx_word' id='word_1_29' title='bbox 730 673 790 734; x_wconf 78' lang='lat' dir='ltr'>Seu</span> <span class='ocrx_word' id='word_1_30' title='bbox 812 674 850 734; x_wconf 88' lang='lat' dir='ltr'>de</span> <span class='ocrx_word' id='word_1_31' title='bbox 872 676 969 752; x_wconf 91' lang='lat' dir='ltr'>pictu-</span> 
     </span>
     <span class='ocr_line' id='line_1_5' title="bbox 118 779 969 858; baseline 0.004 -21"><span class='ocrx_word' id='word_1_32' title='bbox 118 779 174 852; x_wconf 85' lang='lat' dir='ltr'>ris,</span> <span class='ocrx_word' id='word_1_33' title='bbox 203 796 279 856; x_wconf 87' lang='lat' dir='ltr'>quae</span> <span class='ocrx_word' id='word_1_34' title='bbox 306 785 433 855; x_wconf 84' lang='lat' dir='ltr'><strong>possunt</strong></span> <span class='ocrx_word' id='word_1_35' title='bbox 458 779 543 855; x_wconf 82' lang='lat' dir='ltr'>pingi</span> <span class='ocrx_word' id='word_1_36' title='bbox 570 780 754 856; x_wconf 79' lang='lat' dir='ltr'>saponiaco,</span> <span class='ocrx_word' id='word_1_37' title='bbox 786 780 856 858; x_wconf 88' lang='lat' dir='ltr'>quia</span> <span class='ocrx_word' id='word_1_38' title='bbox 887 780 969 841; x_wconf 87' lang='lat' dir='ltr'>Deus</span> 
     </span>
     <span class='ocr_line' id='line_1_6' title="bbox 118 883 968 961; baseline 0.004 -19"><span class='ocrx_word' id='word_1_39' title='bbox 118 884 206 944; x_wconf 88' lang='lat' dir='ltr'>homo</span> <span class='ocrx_word' id='word_1_40' title='bbox 228 884 265 943; x_wconf 88' lang='lat' dir='ltr'>de</span> <span class='ocrx_word' id='word_1_41' title='bbox 287 883 403 960; x_wconf 85' lang='lat' dir='ltr'>virgine</span> <span class='ocrx_word' id='word_1_42' title='bbox 424 883 548 944; x_wconf 89' lang='lat' dir='ltr'>muliere</span> <span class='ocrx_word' id='word_1_43' title='bbox 572 885 655 944; x_wconf 86' lang='lat' dir='ltr'>nasci</span> <span class='ocrx_word' id='word_1_44' title='bbox 678 885 777 961; x_wconf 87' lang='lat' dir='ltr'>debet,</span> <span class='ocrx_word' id='word_1_45' title='bbox 804 885 863 945; x_wconf 87' lang='lat' dir='ltr'>ista</span> <span class='ocrx_word' id='word_1_46' title='bbox 888 904 968 946; x_wconf 87' lang='lat' dir='ltr'>nunc</span> 
     </span>
     <span class='ocr_line' id='line_1_7' title="bbox 116 982 963 1050; baseline 0.007 -1"><span class='ocrx_word' id='word_1_47' title='bbox 116 989 275 1050; x_wconf 84' lang='lat' dir='ltr'>sufficiant.</span> <span class='ocrx_word' id='word_1_48' title='bbox 961 982 963 987; x_wconf 35' lang='lat'><strong><em>¹</em></strong></span> 
     </span>
    </p>

    <p class='ocr_par' dir='ltr' id='par_1_3' title="bbox 118 1095 970 1277">
     <span class='ocr_line' id='line_1_8' title="bbox 185 1095 970 1172; baseline 0.006 -19"><span class='ocrx_word' id='word_1_49' title='bbox 185 1096 269 1156; x_wconf 88' lang='lat' dir='ltr'>Boso.</span> <span class='ocrx_word' id='word_1_50' title='bbox 318 1095 415 1155; x_wconf 80' lang='lat' dir='ltr'><strong>Valde</strong></span> <span class='ocrx_word' id='word_1_51' title='bbox 446 1095 587 1172; x_wconf 74' lang='lat' dir='ltr'>pulchrae</span> <span class='ocrx_word' id='word_1_52' title='bbox 617 1101 649 1156; x_wconf 90' lang='lat' dir='ltr'>et</span> <span class='ocrx_word' id='word_1_53' title='bbox 678 1096 867 1158; x_wconf 82' lang='lat' dir='ltr'>rationabiles</span> <span class='ocrx_word' id='word_1_54' title='bbox 899 1106 970 1158; x_wconf 89' lang='lat' dir='ltr'>sunt</span> 
     </span>
     <span class='ocr_line' id='line_1_9' title="bbox 118 1199 357 1277; baseline 0 -17"><span class='ocrx_word' id='word_1_55' title='bbox 118 1199 194 1260; x_wconf 85' lang='lat' dir='ltr'>istac</span> <span class='ocrx_word' id='word_1_56' title='bbox 216 1201 357 1277; x_wconf 80' lang='lat' dir='ltr'>picturae.</span> 
     </span>
    </p>
   </div>
   <div class='ocr_carea' id='block_1_3' title="bbox 461 1391 630 1457">
    <p class='ocr_par' dir='ltr' id='par_1_4' title="bbox 461 1391 630 1457">
     <span class='ocr_line' id='line_1_10' title="bbox 461 1391 630 1457; baseline 0 0"><span class='ocrx_word' id='word_1_57' title='bbox 461 1391 553 1457; x_wconf 83' lang='lat' dir='ltr'>OAP.</span> <span class='ocrx_word' id='word_1_58' title='bbox 571 1392 630 1457; x_wconf 88' lang='lat' dir='ltr'>IX.</span> 
     </span>
    </p>
   </div>
   <div class='ocr_carea' id='block_1_4' title="bbox 119 1511 968 1654">
    <p class='ocr_par' dir='ltr' id='par_1_5' title="bbox 119 1511 968 1654">
     <span class='ocr_line' id='line_1_11' title="bbox 119 1511 968 1596; baseline 0.005 -30"><span class='ocrx_word' id='word_1_59' title='bbox 119 1511 196 1579; x_wconf 81' lang='lat' dir='ltr'>Quod</span> <span class='ocrx_word' id='word_1_60' title='bbox 213 1529 322 1569; x_wconf 88' lang='lat' dir='ltr'>neccsse</span> <span class='ocrx_word' id='word_1_61' title='bbox 344 1513 380 1568; x_wconf 84' lang='lat' dir='ltr'>sit</span> <span class='ocrx_word' id='word_1_62' title='bbox 397 1514 516 1596; x_wconf 81' lang='lat' dir='ltr'>Varbuna</span> <span class='ocrx_word' id='word_1_63' title='bbox 535 1514 621 1569; x_wconf 89' lang='lat' dir='ltr'>solum</span> <span class='ocrx_word' id='word_1_64' title='bbox 639 1517 667 1569; x_wconf 86' lang='lat' dir='ltr'>at</span> <span class='ocrx_word' id='word_1_65' title='bbox 688 1514 824 1570; x_wconf 89' lang='lat' dir='ltr'>hominem</span> <span class='ocrx_word' id='word_1_66' title='bbox 841 1515 871 1569; x_wconf 91' lang='lat' dir='ltr'>in</span> <span class='ocrx_word' id='word_1_67' title='bbox 887 1531 968 1570; x_wconf 86' lang='lat' dir='ltr'>unam</span> 
     </span>
     <span class='ocr_line' id='line_1_12' title="bbox 388 1601 697 1654; baseline 0.003 -15"><span class='ocrx_word' id='word_1_68' title='bbox 388 1601 530 1639; x_wconf 80' lang='lat' dir='ltr'>convenire</span> <span class='ocrx_word' id='word_1_69' title='bbox 549 1601 697 1654; x_wconf 87' lang='lat' dir='ltr'>personam.</span> 
     </span>
    </p>
   </div>
   <div class='ocr_carea' id='block_1_5' title="bbox 117 1711 970 1898">
    <p class='ocr_par' dir='ltr' id='par_1_6' title="bbox 117 1711 970 1898">
     <span class='ocr_line' id='line_1_13' title="bbox 186 1711 970 1791; baseline 0.004 -21"><span class='ocrx_word' id='word_1_70' title='bbox 186 1711 316 1772; x_wconf 83' lang='lat' dir='ltr'>Ansunu.</span> <span class='ocrx_word' id='word_1_71' title='bbox 365 1711 453 1773; x_wconf 90' lang='lat' dir='ltr'>Nunc</span> <span class='ocrx_word' id='word_1_72' title='bbox 479 1731 596 1791; x_wconf 88' lang='lat' dir='ltr'>quoque</span> <span class='ocrx_word' id='word_1_73' title='bbox 623 1713 825 1791; x_wconf 85' lang='lat' dir='ltr'>quaerendum</span> <span class='ocrx_word' id='word_1_74' title='bbox 851 1720 909 1789; x_wconf 90' lang='lat' dir='ltr'>est,</span> <span class='ocrx_word' id='word_1_75' title='bbox 936 1714 970 1773; x_wconf 92' lang='lat' dir='ltr'>in</span> 
     </span>
     <span class='ocr_line' id='line_1_14' title="bbox 117 1818 969 1898; baseline 0.006 -25"><span class='ocrx_word' id='word_1_76' title='bbox 117 1833 178 1893; x_wconf 86' lang='lat' dir='ltr'>qua</span> <span class='ocrx_word' id='word_1_77' title='bbox 200 1834 325 1893; x_wconf 87' lang='lat' dir='ltr'>persona</span> <span class='ocrx_word' id='word_1_78' title='bbox 347 1818 442 1895; x_wconf 85' lang='lat' dir='ltr'>Deus,</span> <span class='ocrx_word' id='word_1_79' title='bbox 470 1820 522 1898; x_wconf 91' lang='lat' dir='ltr'>qui</span> <span class='ocrx_word' id='word_1_80' title='bbox 544 1825 591 1878; x_wconf 91' lang='lat' dir='ltr'>est</span> <span class='ocrx_word' id='word_1_81' title='bbox 612 1824 673 1878; x_wconf 90' lang='lat' dir='ltr'>tres</span> <span class='ocrx_word' id='word_1_82' title='bbox 695 1836 851 1896; x_wconf 82' lang='lat' dir='ltr'>personae,</span> <span class='ocrx_word' id='word_1_83' title='bbox 874 1820 969 1879; x_wconf 89' lang='lat' dir='ltr'>homi-</span> 
     </span>
    </p>
   </div>
   <div class='ocr_carea' id='block_1_6' title="bbox 117 1925 975 3160">
    <p class='ocr_par' dir='ltr' id='par_1_7' title="bbox 117 1925 973 2828">
     <span class='ocr_line' id='line_1_15' title="bbox 119 1925 971 2002; baseline 0.004 -22"><span class='ocrx_word' id='word_1_84' title='bbox 119 1939 188 1980; x_wconf 86' lang='lat' dir='ltr'>nem</span> <span class='ocrx_word' id='word_1_85' title='bbox 216 1930 354 1983; x_wconf 89' lang='lat' dir='ltr'>assumat.</span> <span class='ocrx_word' id='word_1_86' title='bbox 405 1925 510 1984; x_wconf 89' lang='lat' dir='ltr'>Plures</span> <span class='ocrx_word' id='word_1_87' title='bbox 542 1925 622 1984; x_wconf 88' lang='lat' dir='ltr'>cuim</span> <span class='ocrx_word' id='word_1_88' title='bbox 649 1942 790 2001; x_wconf 81' lang='lat' dir='ltr'><strong>personae</strong></span> <span class='ocrx_word' id='word_1_89' title='bbox 818 1930 971 2002; x_wconf 88' lang='lat' dir='ltr'>nequeunt</span> 
     </span>
     <span class='ocr_line' id='line_1_16' title="bbox 119 2029 969 2108; baseline 0.002 -22"><span class='ocrx_word' id='word_1_90' title='bbox 119 2046 213 2086; x_wconf 88' lang='lat' dir='ltr'>unum</span> <span class='ocrx_word' id='word_1_91' title='bbox 231 2029 416 2108; x_wconf 87' lang='lat' dir='ltr'>eundemque</span> <span class='ocrx_word' id='word_1_92' title='bbox 438 2031 586 2090; x_wconf 90' lang='lat' dir='ltr'>hominem</span> <span class='ocrx_word' id='word_1_93' title='bbox 604 2047 755 2090; x_wconf 81' lang='lat' dir='ltr'>assumere</span> <span class='ocrx_word' id='word_1_94' title='bbox 773 2030 806 2088; x_wconf 90' lang='lat' dir='ltr'>in</span> <span class='ocrx_word' id='word_1_95' title='bbox 825 2031 969 2089; x_wconf 83' lang='lat' dir='ltr'>unitatem</span> 
     </span>
     <span class='ocr_line' id='line_1_17' title="bbox 120 2134 968 2213; baseline 0.001 -20"><span class='ocrx_word' id='word_1_96' title='bbox 120 2152 270 2210; x_wconf 85' lang='lat' dir='ltr'>personae.</span> <span class='ocrx_word' id='word_1_97' title='bbox 310 2134 405 2209; x_wconf 81' lang='lat' dir='ltr'>Quare</span> <span class='ocrx_word' id='word_1_98' title='bbox 424 2137 456 2194; x_wconf 95' lang='lat' dir='ltr'>in</span> <span class='ocrx_word' id='word_1_99' title='bbox 474 2155 534 2196; x_wconf 90' lang='lat' dir='ltr'>una</span> <span class='ocrx_word' id='word_1_100' title='bbox 551 2154 678 2213; x_wconf 88' lang='lat' dir='ltr'>persona</span> <span class='ocrx_word' id='word_1_101' title='bbox 694 2140 810 2195; x_wconf 89' lang='lat' dir='ltr'>tantum</span> <span class='ocrx_word' id='word_1_102' title='bbox 828 2138 885 2195; x_wconf 94' lang='lat' dir='ltr'>hoc</span> <span class='ocrx_word' id='word_1_103' title='bbox 902 2137 968 2194; x_wconf 87' lang='lat' dir='ltr'>fieri</span> 
     </span>
     <span class='ocr_line' id='line_1_18' title="bbox 119 2240 971 2319; baseline 0 -21"><span class='ocrx_word' id='word_1_104' title='bbox 119 2257 241 2300; x_wconf 85' lang='lat' dir='ltr'>necesse</span> <span class='ocrx_word' id='word_1_105' title='bbox 263 2247 317 2301; x_wconf 85' lang='lat' dir='ltr'>est.</span> <span class='ocrx_word' id='word_1_106' title='bbox 360 2241 419 2302; x_wconf 84' lang='lat' dir='ltr'>Sed</span> <span class='ocrx_word' id='word_1_107' title='bbox 441 2241 478 2302; x_wconf 91' lang='lat' dir='ltr'>de</span> <span class='ocrx_word' id='word_1_108' title='bbox 495 2243 551 2301; x_wconf 86' lang='lat' dir='ltr'>hac</span> <span class='ocrx_word' id='word_1_109' title='bbox 568 2243 683 2302; x_wconf 86' lang='lat' dir='ltr'>unitate</span> <span class='ocrx_word' id='word_1_110' title='bbox 704 2258 848 2319; x_wconf 84' lang='lat' dir='ltr'>personae</span> <span class='ocrx_word' id='word_1_111' title='bbox 862 2240 920 2299; x_wconf 88' lang='lat' dir='ltr'>Dei</span> <span class='ocrx_word' id='word_1_112' title='bbox 939 2246 971 2299; x_wconf 88' lang='lat' dir='ltr'>et</span> 
     </span>
     <span class='ocr_line' id='line_1_19' title="bbox 121 2345 971 2427; baseline 0.001 -24"><span class='ocrx_word' id='word_1_113' title='bbox 121 2345 262 2421; x_wconf 82' lang='lat' dir='ltr'>hominia,</span> <span class='ocrx_word' id='word_1_114' title='bbox 291 2352 320 2406; x_wconf 92' lang='lat' dir='ltr'>et</span> <span class='ocrx_word' id='word_1_115' title='bbox 346 2349 379 2406; x_wconf 92' lang='lat' dir='ltr'>in</span> <span class='ocrx_word' id='word_1_116' title='bbox 406 2367 463 2425; x_wconf 89' lang='lat' dir='ltr'>qua</span> <span class='ocrx_word' id='word_1_117' title='bbox 484 2365 610 2425; x_wconf 87' lang='lat' dir='ltr'>persona</span> <span class='ocrx_word' id='word_1_118' title='bbox 631 2347 686 2408; x_wconf 89' lang='lat' dir='ltr'>Dei</span> <span class='ocrx_word' id='word_1_119' title='bbox 709 2347 765 2407; x_wconf 89' lang='lat' dir='ltr'>hoc</span> <span class='ocrx_word' id='word_1_120' title='bbox 787 2346 883 2427; x_wconf 81' lang='lat' dir='ltr'>magis</span> <span class='ocrx_word' id='word_1_121' title='bbox 906 2347 971 2405; x_wconf 89' lang='lat' dir='ltr'>fieri</span> 
     </span>
     <span class='ocr_line' id='line_1_20' title="bbox 117 2452 972 2529; baseline 0.002 -21"><span class='ocrx_word' id='word_1_122' title='bbox 117 2456 264 2526; x_wconf 82' lang='lat' dir='ltr'>oporteat,</span> <span class='ocrx_word' id='word_1_123' title='bbox 296 2452 329 2510; x_wconf 93' lang='lat' dir='ltr'>in</span> <span class='ocrx_word' id='word_1_124' title='bbox 360 2453 484 2529; x_wconf 86' lang='lat' dir='ltr'>epistola</span> <span class='ocrx_word' id='word_1_125' title='bbox 515 2454 552 2512; x_wconf 88' lang='lat' dir='ltr'>dc</span> <span class='ocrx_word' id='word_1_126' title='bbox 582 2452 783 2514; x_wconf 79' lang='lat' dir='ltr'>incarnatione</span> <span class='ocrx_word' id='word_1_127' title='bbox 811 2452 901 2512; x_wconf 86' lang='lat' dir='ltr'>Verbi</span> <span class='ocrx_word' id='word_1_128' title='bbox 933 2452 972 2511; x_wconf 86' lang='lat' dir='ltr'>ad</span> 
     </span>
     <span class='ocr_line' id='line_1_21' title="bbox 118 2556 972 2636; baseline 0.004 -23"><span class='ocrx_word' id='word_1_129' title='bbox 118 2556 272 2614; x_wconf 83' lang='lat' dir='ltr'>dominum</span> <span class='ocrx_word' id='word_1_130' title='bbox 299 2576 406 2634; x_wconf 88' lang='lat' dir='ltr'>papam</span> <span class='ocrx_word' id='word_1_131' title='bbox 432 2559 583 2618; x_wconf 89' lang='lat' dir='ltr'>Urbanum</span> <span class='ocrx_word' id='word_1_132' title='bbox 610 2559 733 2633; x_wconf 85' lang='lat' dir='ltr'>directa,</span> <span class='ocrx_word' id='word_1_133' title='bbox 761 2563 905 2636; x_wconf 87' lang='lat' dir='ltr'>quantum</span> <span class='ocrx_word' id='word_1_134' title='bbox 934 2558 972 2617; x_wconf 86' lang='lat' dir='ltr'>ad</span> 
     </span>
     <span class='ocr_line' id='line_1_22' title="bbox 120 2662 973 2740; baseline 0.002 -21"><span class='ocrx_word' id='word_1_135' title='bbox 120 2667 305 2739; x_wconf 84' lang='lat' dir='ltr'>praesentem</span> <span class='ocrx_word' id='word_1_136' title='bbox 331 2664 585 2740; x_wconf 85' lang='lat' dir='ltr'>investigationem</span> <span class='ocrx_word' id='word_1_137' title='bbox 614 2665 749 2724; x_wconf 85' lang='lat' dir='ltr'>sufficere</span> <span class='ocrx_word' id='word_1_138' title='bbox 796 2667 862 2737; x_wconf 87' lang='lat' dir='ltr'>uto,</span> <span class='ocrx_word' id='word_1_139' title='bbox 889 2662 973 2722; x_wconf 90' lang='lat' dir='ltr'>locu-</span> 
     </span>
     <span class='ocr_line' id='line_1_23' title="bbox 120 2768 290 2828; baseline 0.006 -1"><span class='ocrx_word' id='word_1_140' title='bbox 120 2768 290 2828; x_wconf 78' lang='lat' dir='ltr'>tus1sum.</span> 
     </span>
    </p>

    <p class='ocr_par' dir='ltr' id='par_1_8' title="bbox 121 2873 975 3160">
     <span class='ocr_line' id='line_1_24' title="bbox 187 2873 973 2952; baseline 0.001 -19"><span class='ocrx_word' id='word_1_141' title='bbox 187 2874 272 2935; x_wconf 88' lang='lat' dir='ltr'>Boso.</span> <span class='ocrx_word' id='word_1_142' title='bbox 311 2875 445 2935; x_wconf 80' lang='lat' dir='ltr'>Breviter</span> <span class='ocrx_word' id='word_1_143' title='bbox 466 2880 564 2936; x_wconf 85' lang='lat' dir='ltr'>tamen</span> <span class='ocrx_word' id='word_1_144' title='bbox 585 2874 653 2934; x_wconf 76' lang='lat' dir='ltr'>hic²</span> <span class='ocrx_word' id='word_1_145' title='bbox 675 2879 777 2952; x_wconf 84' lang='lat' dir='ltr'>tange,</span> <span class='ocrx_word' id='word_1_146' title='bbox 800 2892 854 2934; x_wconf 93' lang='lat' dir='ltr'>cur</span> <span class='ocrx_word' id='word_1_147' title='bbox 872 2873 973 2950; x_wconf 88' lang='lat' dir='ltr'>potius</span> 
     </span>
     <span class='ocr_line' id='line_1_25' title="bbox 121 2980 975 3057; baseline 0.001 -20"><span class='ocrx_word' id='word_1_148' title='bbox 121 2997 247 3056; x_wconf 89' lang='lat' dir='ltr'>persona</span> <span class='ocrx_word' id='word_1_149' title='bbox 273 2981 341 3040; x_wconf 84' lang='lat' dir='ltr'>Filii</span> <span class='ocrx_word' id='word_1_150' title='bbox 368 2981 471 3041; x_wconf 87' lang='lat' dir='ltr'>debeat</span> <span class='ocrx_word' id='word_1_151' title='bbox 497 2980 655 3054; x_wconf 75' lang='lat' dir='ltr'>inarmati,</span> <span class='ocrx_word' id='word_1_152' title='bbox 684 2998 772 3057; x_wconf 90' lang='lat' dir='ltr'>quam</span> <span class='ocrx_word' id='word_1_153' title='bbox 798 2980 893 3057; x_wconf 84' lang='lat' dir='ltr'>patris</span> <span class='ocrx_word' id='word_1_154' title='bbox 921 2984 975 3039; x_wconf 91' lang='lat' dir='ltr'>aut</span> 
     </span>
     <span class='ocr_line' id='line_1_26' title="bbox 121 3084 390 3160; baseline 0.004 -16"><span class='ocrx_word' id='word_1_155' title='bbox 121 3084 252 3160; x_wconf 83' lang='lat' dir='ltr'>Spiritus</span> <span class='ocrx_word' id='word_1_156' title='bbox 276 3086 390 3146; x_wconf 86' lang='lat' dir='ltr'>sancti?</span> 
     </span>
    </p>
   </div>
   <div class='ocr_carea' id='block_1_7' title="bbox 190 3220 688 3289">
    <p class='ocr_par' dir='ltr' id='par_1_9' title="bbox 190 3220 688 3289">
     <span class='ocr_line' id='line_1_27' title="bbox 190 3220 688 3289; baseline 0.002 -15"><span class='ocrx_word' id='word_1_157' title='bbox 190 3221 199 3250; x_wconf 89' lang='lat'><strong>¹</strong></span> <span class='ocrx_word' id='word_1_158' title='bbox 218 3221 251 3274; x_wconf 90' lang='lat' dir='ltr'>al.</span> <span class='ocrx_word' id='word_1_159' title='bbox 271 3239 340 3289; x_wconf 78' lang='lat' dir='ltr'>quoa</span> <span class='ocrx_word' id='word_1_160' title='bbox 359 3222 474 3275; x_wconf 82' lang='lat' dir='ltr'>locutus.</span> <span class='ocrx_word' id='word_1_161' title='bbox 548 3220 611 3276; x_wconf 76' lang='lat' dir='ltr'>’al</span> <span class='ocrx_word' id='word_1_162' title='bbox 630 3221 688 3275; x_wconf 77' lang='lat' dir='ltr'>hoc.</span> 
     </span>
    </p>
   </div>
   <div class='ocr_carea' id='block_1_8' title="bbox 0 0 1105 3764">
    <p class='ocr_par' dir='ltr' id='par_1_10' title="bbox 0 0 1105 3764">
     <span class='ocr_line' id='line_1_28' title="bbox 0 0 1105 3764; baseline 0 0"><span class='ocrx_word' id='word_1_163' title='bbox 0 0 1105 3764; x_wconf 95' lang='lat' dir='ltr'> </span> 
     </span>
    </p>
   </div>
  </div>
 </body>
</html>
