2190 3764
119 273 189 351 126ι
452 288 477 338 s.
500 290 630 336 insanin
685 302 688 309 ·

116 448 238 507 tabilem
260 464 326 506 esse
347 447 448 508 voluit.
492 448 533 508 Et
555 450 581 509 si
604 447 860 529 (quemadmodum
877 472 972 533 supra

115 552 192 631 dixi)
219 571 288 613 eum
314 553 422 630 aliquis
454 559 558 631 sponte
589 573 622 616 se
651 559 789 634 proponit
819 560 973 620 facturum

117 661 228 719 bonurn
249 658 380 736 aliquod,
408 664 438 718 et
460 660 562 720 eadem
583 661 734 723 voluntate
755 669 859 740 postea
880 667 972 742 perfi-

115 766 171 841 eit,
195 766 273 843 quod
290 764 455 840 proposuit:
478 766 613 842 quamvis
630 768 697 845 rogi
713 770 820 846 possit,
843 770 871 830 si
894 771 972 832 nolit

117 872 297 950 promissum
320 869 444 945 solvere,
471 888 532 931 non
557 875 658 931 tamen
683 873 825 935 dicendus
847 880 896 935 est
918 895 971 937 ne-

56 1006 60 1017 ·
116 978 255 1038 cessitate
281 976 377 1035 faeere
408 976 487 1053 quod
513 976 596 1052 faeit,
624 978 677 1037 sed
703 997 750 1055 ea,
777 997 836 1057 qua
862 999 971 1059 propo·

119 1085 192 1157 suit,
218 1082 311 1142 libera
336 1081 500 1159 voluntate3
527 1100 588 1142 non
613 1083 694 1142 enim
719 1085 896 1146 necessitate
918 1091 972 1146 aut

118 1189 291 1266 impotentia
316 1187 381 1246 fieri
406 1187 457 1246 vel
481 1205 542 1248 non
566 1189 632 1247 fieri
658 1189 717 1249 diei
738 1190 824 1250 debet
842 1190 970 1269 aliquid,

117 1295 171 1355 ubi
192 1311 288 1370 neque
310 1293 470 1352 necessitas
492 1311 589 1370 neque
610 1295 784 1371 impotentia
804 1295 971 1374 quidquam

116 1404 287 1477 operantur,
316 1398 368 1457 sed
394 1398 543 1458 voluntas:
572 1399 655 1475 -si,
682 1400 816 1478 inquam,
847 1401 892 1461 ita
924 1407 975 1463 est

118 1505 152 1566 in
168 1505 299 1578 homine,
322 1503 416 1563 multo
433 1504 528 1580 magis
545 1506 705 1565 necessitas
722 1511 774 1566 aut
794 1507 971 1584 impotentia

118 1629 305 1689 nequaquam
330 1609 524 1670 nominandae
551 1616 622 1670 sunt
646 1611 679 1670 in
701 1612 776 1688 Deo,
803 1614 856 1689 qui
881 1613 970 1687 nihil,

119 1719 179 1777 nisi
202 1717 280 1793 quod
301 1715 378 1789 vult,
401 1714 664 1793 fa01t31etouj11s
681 1717 862 1777 voluntatem
884 1718 972 1778 nulia

118 1824 166 1883 vis
197 1839 304 1898 eogere
331 1825 382 1879 aut
412 1821 565 1896 prohibere
595 1821 682 1882 vaiet
731 1823 779 1882 Ad
804 1824 862 1884 hoo
888 1824 971 1883 enim

119 1930 214 1988 valuit
239 1928 272 1987 in
295 1926 412 1988 christo
438 1927 593 1986 diversitas
619 1933 790 1987 naturarum
816 1932 848 1988 et
867 1929 971 1990 unitas

119 2051 273 2114 personae,
304 2037 339 2092 ut
369 2033 447 2110 quod
473 2050 547 2109 opus
574 2038 636 2092 erat
660 2034 726 2093 fieri
751 2034 789 2093 ad
814 2034 971 2094 hominum

119 2140 373 2213 restaurationem,
406 2139 432 2198 si
462 2139 591 2197 humana
625 2157 686 2199 non
719 2144 820 2216 posset
854 2145 970 2214 natine,

10 2310 12 2315 ,
120 2247 229 2306 faeeret
250 2245 363 2318 divina,
390 2249 420 2303 et
447 2244 474 2303 si
500 2245 616 2304 divinae
642 2245 764 2304 minime
790 2246 970 2320 eonveniret,

119 2353 272 2412 exhiberet
293 2351 434 2426 humana;
457 2355 487 2409 et
508 2368 569 2410 non
590 2351 667 2410 alius
688 2356 776 2428 atque
798 2351 888 2427 alius,
917 2352 971 2412 sed

120 2459 186 2533 ipse
213 2461 303 2530 esset,
336 2457 388 2533 qui
418 2461 576 2532 utrumque
602 2456 733 2516 existens
759 2457 890 2534 perfecte
916 2474 972 2534 per

121 2564 279 2621 humanam
302 2562 440 2636 solveret,
464 2562 540 2638 quod
553 2562 606 2620 illa
619 2562 752 2636 debebat,
775 2567 805 2621 et
822 2580 876 2638 per
893 2562 971 2621 divi·

120 2688 189 2728 nam
202 2672 309 2745 posset,
329 2668 406 2744 quod
424 2668 603 2743 expediebat.
636 2666 771 2744 Denique
784 2668 875 2744 virgo,
893 2686 971 2746 quae

120 2794 176 2852 per
204 2775 293 2833 fidem
323 2774 432 2831 munda
463 2774 539 2832 faeta
570 2778 627 2847 est,
658 2778 694 2832 ut
722 2774 760 2832 de
789 2773 843 2832 illa
868 2779 971 2850 posset

120 2881 245 2954 assumi,
276 2897 461 2956 nequaquam
492 2879 633 2937 eredidit‘2
663 2878 750 2936 illum
785 2896 851 2938 esse
881 2880 970 2940 mori-

120 2992 233 3059 turum,
256 2985 315 3044 nisi
338 2985 407 3061 quia
428 2984 531 3060 reflet3
558 2984 801 3060 quemadmodum
827 3002 881 3061 per
902 3003 970 3061 pro-

120 3092 252 3170 phetam,
276 3091 328 3167 qui
349 3091 386 3150 de
408 3091 460 3149 illo
482 3090 571 3148 dixit:
595 3089 706 3148 oblatos
732 3094 787 3163 ast,
815 3090 886 3167 quae
908 3090 972 3168 ipsa

186 3209 246 3262 ¹al.
265 3208 340 3276 feeit.
413 3206 476 3262 'aL
495 3208 649 3261 crediderat.
