2190 3764
119 289 182 349 140
452 303 477 351 s
499 303 630 350 morum

117 465 210 538 beuti,
234 463 315 524 Deus
328 462 415 524 Pater
427 464 512 524 dicit:
536 465 636 541 aoeipe
647 461 841 542 Unigenitum
858 482 971 542 meum,

118 578 148 631 et
169 569 207 628 da
229 587 282 649 pro
304 574 348 646 te3
376 573 406 630 et
426 556 493 647 ipse
505 569 612 630 Filius:
635 568 708 630 tolle
728 587 792 644 me,
813 571 974 632 etredime

117 678 167 737 te?
217 672 307 749 Quasi
338 675 418 736 enim
448 675 505 736 hoo
535 658 651 751 dieunt,
696 674 813 753 quando
842 693 900 737 nos
932 676 971 738 ad

118 781 307 843 christianam
329 781 417 840 fidem
439 785 545 841 vocant
565 786 596 841 et
617 782 746 841 trahunt:
778 780 856 856 Quid
879 782 972 843 θτίαπι

115 888 239 966 justius
268 905 356 964 quam
378 891 413 946 ut
434 887 500 961 ille,
527 887 576 946 oui
603 887 694 946 datur
715 888 844 966 pretium
871 889 971 964 majus

118 995 198 1054 omni
234 993 342 1066 debito,
379 992 406 1052 si
440 992 536 1052 debito
567 993 653 1052 daun
684 994 803 1068 affeetu,
839 993 973 1055 dimittat

118 1117 204 1161 omine
226 1100 375 1160 debitum?

446 1273 530 1336 OAP.
556 1272 639 1335 m

216 1392 294 1461 Quod
311 1392 473 1462 impossibile
492 1393 527 1448 sit
544 1393 679 1447 diabolum
696 1393 868 1450 reconsiliari,
915 1422 920 1430 .

184 1522 312 1583 Dmaonr
338 1539 407 1581 vero
433 1521 712 1597 reconciliationem,
739 1522 776 1583 de
798 1541 857 1601 qua
879 1541 971 1602 quae·

119 1629 228 1703 sivisti,
246 1615 460 1704 impossibilem
472 1626 635 1703 intelliges,
653 1627 680 1687 si
693 1627 850 1704 diligenter
864 1630 972 1689 huma·

73 1792 77 1803 .
118 1754 187 1798 nam
218 1733 392 1794 consideres.
447 1731 530 1793 Siout
561 1733 641 1792 enim
671 1733 758 1793 homo
784 1751 844 1795 nou
870 1736 971 1812 potuit

117 1840 313 1914 reconciliari,
344 1838 404 1898 nisi
430 1855 484 1915 per
510 1838 660 1898 hominem
681 1837 790 1913 Deum,
817 1839 870 1917 qui
892 1843 970 1902 mori

118 1953 230 2026 posset,
253 1964 306 2023 per
324 1945 409 2021 eujus
420 1944 566 2020 justitiam
580 1943 642 2004 Deo
654 1944 865 2020 restitieretur,
889 1947 970 2024 quod

117 2073 171 2131 per
193 2057 345 2130 peceatum
367 2050 495 2110 hominis
517 2050 696 2127 perdideram
718 2050 760 2109 ita
773 2051 871 2127 angeli
886 2052 971 2111 dum·

117 2161 179 2218 nati
198 2177 258 2219 non
271 2161 397 2234 possunt
410 2155 529 2231 salvari,
551 2155 611 2215 nisi
624 2173 678 2241 per
691 2156 831 2232 angelum
845 2156 969 2233 Deum‚¹

118 2267 171 2345 qui
197 2264 271 2323 mori
293 2263 399 2340 possit,
427 2266 457 2321 et
479 2261 531 2339 qui
553 2279 606 2337 per
626 2262 773 2337 justitiam
796 2279 880 2321 suam
903 2263 969 2324 Deo

117 2375 245 2448 reparet,
277 2370 355 2446 quod
386 2368 510 2427 aliorum
541 2372 660 2443 peecata
685 2367 877 2428 abstulenmt
928 2369 969 2430 llt

119 2478 196 2537 siout
223 2477 309 2535 homo
335 2491 389 2551 per
414 2472 506 2532 alium
528 2473 688 2548 hominem,
711 2474 764 2550 qui
784 2491 845 2533 non
867 2476 970 2534 esset²

118 2583 251 2661 ejusdem
273 2580 402 2656 generis,
425 2579 559 2656 quamvis
582 2579 714 2655 ejusdem
735 2584 815 2639 esset
836 2584 969 2656 natuee,

72 2734 78 2742 .
117 2708 178 2750 nou
199 2687 300 2747 debuit
321 2685 457 2758 relevari,
479 2684 521 2743 ita
542 2684 644 2744 nullus
667 2690 790 2761 angelus
807 2685 970 2762 peralium

118 2792 276 2871 angelum3
313 2790 420 2851 salvari
451 2790 569 2864 debet,4
605 2807 740 2867 quamvis
771 2808 873 2852 omnes
906 2792 970 2853 sint

118 2902 208 2960 unius
231 2903 364 2972 naturae,
388 2897 526 2973 quoniam
548 2914 608 2956 non
631 2901 701 2956 simi
723 2896 856 2972 ejusdem
877 2915 969 2974 gene-

118 3008 173 3080 ris,
202 3006 279 3066 siout
304 3003 447 3063 homines.
495 3000 564 3061 Non
590 3001 670 3062 enim
697 3008 741 3063 sio
768 3011 839 3062 suut
864 3020 971 3065 omnes

183 3160 245 3215 ²al
263 3156 390 3212 Domini.
464 3155 524 3209 ²al.
544 3171 597 3208 orn.
616 3159 693 3209 esset
766 3152 828 3210 'al
847 3171 901 3210 orn.
916 3173 971 3210 aas·
