2190 3764
122 267 186 326 114
459 287 484 331 s.
507 265 657 333 insimm
691 300 694 306 ¹

187 447 317 504 Ansnnu
353 445 447 505 Video
469 465 517 505 me
539 449 575 505 ab
597 448 818 524 importunitate
839 455 891 508 tua
914 468 981 510 nom

120 570 208 632 posse
233 550 363 627 liberari3
396 551 448 610 sed
478 553 505 611 si
536 551 722 629 aliquatenus
747 559 861 632 potero,
895 558 983 632 quod

119 657 266 737 postulas,
289 656 455 732 ostendere,
478 657 586 734 gratias
604 676 726 734 agamm
745 659 815 720 Deo.
848 658 882 720 Si
905 679 982 720 vero·

31 767 34 774 '
119 782 180 824 non
211 767 335 839 potero,
360 763 509 822 sufficiant
539 781 586 837 ea,
623 781 698 840 quae
732 781 822 841 supra
852 766 977 842 probata

120 875 198 929 sunt.
249 868 324 928 Cum
351 868 430 927 enim
457 873 582 943 constat,
610 869 707 929 Deum
733 870 884 930 hominem
908 871 977 931 fieri

118 980 264 1052 oportere;
296 973 418 1031 dubium
443 992 504 1033 non
530 978 588 1049 est,
616 975 791 1051 sapientiam
817 981 848 1034 et
869 980 977 1052 poten·

117 1081 192 1140 tiam
213 1080 259 1138 ilii
281 1097 341 1138 non
363 1080 478 1153 deesse,
501 1084 535 1138 ut
556 1079 612 1139 hoo
635 1079 700 1139 sine
721 1086 840 1157 peooato
862 1081 924 1142 fiat.

185 1187 268 1245 Boso.
315 1183 364 1245 Sio
385 1185 511 1244 libenter
532 1185 651 1262 aooipio.

184 1293 315 1350 Anssnu.
357 1287 493 1367 Oportuit
514 1290 650 1368 utique,1
671 1291 780 1350 utilia
800 1292 975 1369 redemptio,

117 1416 207 1475 quam
236 1396 371 1455 Christus
403 1396 485 1470 feeit,
517 1397 669 1473 prodesset
694 1415 755 1456 non
777 1396 874 1457 solum
900 1397 975 1473 illis,

120 1503 171 1580 qui
194 1520 228 1561 eo
250 1506 380 1577 tempore
407 1502 538 1576 fuerunt,
567 1502 619 1561 sed
645 1507 675 1561 et
702 1502 777 1563 aliis.
823 1502 869 1564 Sit
891 1505 974 1562 enim

118 1627 172 1668 rex
203 1607 323 1684 atiquis,
356 1607 404 1666 oui
434 1611 514 1666 totus
546 1608 673 1684 populus
711 1626 781 1668 suae
817 1609 974 1684 eujusdam

119 1714 246 1774 civitatis
265 1713 309 1772 sio
325 1713 469 1789 peccavit,
488 1719 610 1790 exeepto
627 1732 688 1774 uno
706 1713 781 1788 solo,
800 1714 852 1791 qui
871 1719 974 1774 tamen

117 1826 163 1880 est
189 1820 226 1878 de
252 1819 372 1877 iliorum
397 1837 516 1896 genere3
548 1823 583 1877 ut
608 1819 711 1879 nullus
742 1838 843 1879 eorum
874 1821 973 1880 faeere

118 1927 223 2003 possit,
265 1925 344 1984 unde
378 1925 481 1984 mortis
512 1925 729 1984 damnationem
759 1925 875 2001 evadat3
918 1925 972 1985 iile

117 2037 228 2104 autem,
252 2031 303 2107 qui
318 2030 398 2089 solus
412 2034 458 2089 est
471 2030 620 2102 innoeens,
642 2035 755 2089 tantam
772 2030 851 2106 apud
869 2049 972 2106 regem

117 2138 221 2195 habeat
243 2137 379 2211 gratiam,
406 2141 441 2195 ut
462 2135 568 2212 possit,
596 2140 627 2195 et
647 2140 758 2194 tantam
781 2135 972 2196 dilectionem

117 2261 186 2317 erga
208 2259 285 2315 reos,
308 2247 342 2299 ut
363 2241 436 2300 velit
458 2259 571 2315 omnes,
595 2242 647 2318 qui
664 2242 802 2303 eredent²
824 2258 878 2300 suo
901 2260 971 2301 oon-

118 2349 197 2420 silio,
219 2346 407 2406 reoonoiliare
429 2347 554 2423 quodam
577 2348 695 2406 servitio
717 2344 776 2422 ipsi
798 2347 861 2422 regi
883 2347 972 2407 valde

117 2453 273 2529 placituro,
297 2452 375 2528 quod
396 2453 528 2512 facturus
550 2457 596 2511 est
613 2452 662 2512 die
679 2453 843 2512 seeundum
863 2452 971 2511 volun·

116 2563 207 2616 tatem
242 2557 321 2632 regis
353 2561 468 2617 statuto.
526 2559 565 2618 Et
607 2558 745 2635 quoniam
775 2575 835 2616 non
866 2575 970 2617 omnes

117 2668 254 2740 possunt,
287 2662 338 2739 qui
364 2663 571 2722 reoonoiliandi
599 2669 680 2735 sunt,
712 2663 750 2721 ad
780 2663 859 2722 diem
885 2663 971 2723 illam

117 2769 284 2844 convenire3
326 2769 459 2829 coneedit
492 2787 547 2828 rex
582 2775 700 2845 propter
735 2769 970 2844 magnitudinem

118 2874 230 2934 servitii
260 2875 344 2950 diue,
379 2880 414 2934 ut
445 2875 612 2952 quicunqne
644 2875 688 2932 ve]
723 2877 792 2933 ante
821 2874 871 2933 vel
901 2879 971 2950 post

117 2981 194 3038 diem
221 2980 305 3038 iilam
331 2981 459 3041 confessi
490 2980 612 3055 fuerint,
645 2999 677 3038 se
704 2979 782 3039 velie
808 2997 862 3056 per
892 2979 968 3038 illud

117 3103 203 3161 opus,
232 3087 309 3162 quod
331 3104 366 3145 ea
387 3086 435 3145 die
456 3085 519 3160 fiet,
547 3087 663 3144 veniam
685 3086 853 3161 impetrare,
879 3089 910 3145 et
932 3087 969 3145 ad

181 3203 241 3255 ¹al.
261 3204 361 3271 itaqua.
436 3204 497 3256 ¹a1.
518 3205 661 3257 eraderent.
