2190 3764
189 271 231 334 78
372 286 397 335 a
419 287 545 335 aarum
567 288 625 333 cua
644 287 721 334 aare
741 267 841 334 nouo?

252 446 337 506 Boso.
384 447 493 507 Verum
514 452 561 506 eat
582 447 661 523 quod
682 447 765 521 dicia.

252 554 383 610 Ansmm.
428 550 506 624 Quid
527 569 596 628 ergo
618 551 734 628 quaeris
755 551 901 628 amplius?

251 657 335 721 Boso.
373 656 441 716 Non
457 656 495 714 ad
511 657 567 715 hoc
581 656 660 730 veni,
680 663 712 715 ut
729 657 845 716 auferas
863 655 937 715 mihi
955 655 1027 716 fidei

186 763 410 838 dubitationem
438 761 491 820 sed
516 766 551 819 ut
577 763 713 821 ostendas
740 761 813 820 mihi
839 761 1027 820 certitudinis

185 886 267 927 meae
284 867 437 942 rationem,
460 872 635 943 quapropter
652 867 729 926 siout
746 884 794 925 me
812 865 1027 950 rationabiliter

185 972 334 1030 deduxisti
347 972 386 1030 ad
399 973 467 1045 hoc,
484 976 519 1031 ut
536 971 664 1046 videam,
682 972 829 1032 hominem
842 976 1025 1047 meeaterem

186 1080 240 1137 hoc
266 1077 371 1136 debere
396 1076 458 1136 Deo
488 1095 541 1153 pro
572 1081 704 1153 peceato,
735 1077 812 1153 quod
842 1080 873 1135 et
902 1076 1025 1135 reddere

184 1182 297 1258 nequit,
324 1188 354 1241 et
379 1180 437 1242 nisi
462 1181 622 1242 reddiderit
648 1181 754 1240 salvari
780 1198 840 1240 non
864 1181 956 1240 valet:
983 1181 1026 1239 ita

184 1288 249 1346 volo
271 1305 318 1345 me
340 1286 483 1363 perducas
503 1286 589 1360 illue,
610 1291 645 1344 nt
661 1284 826 1345 rationabili
846 1286 1025 1347 necessitate

184 1393 359 1466 intelligam,
386 1409 453 1451 ease
476 1397 608 1468 oportere
634 1391 731 1450 omnia
751 1390 814 1464 illa,
842 1408 917 1468 quae
937 1391 1025 1450 nobis

182 1497 255 1556 fides
287 1496 428 1555 catholiea
459 1497 495 1555 de
522 1496 638 1556 Christo
665 1496 784 1556 credere
808 1495 965 1573 praecipit,
999 1496 1025 1556 si

182 1602 317 1660 volumus
349 1602 467 1674 salvari,
501 1607 531 1661 et
562 1601 653 1678 quidl
682 1601 798 1660 valeant
828 1601 866 1659 ad
897 1601 1024 1660 salutem

182 1707 322 1781 hominis,
358 1713 388 1766 et
422 1707 550 1784 qualiter
579 1706 661 1766 Deus
696 1705 894 1766 misericordia
930 1705 1026 1766 salvet

181 1814 342 1886 hominem,
369 1830 437 1872 cum
463 1830 522 1872 non
549 1812 676 1870 dimittat
700 1811 745 1871 illi
770 1816 936 1888 peecatum,
963 1813 1026 1871 nisi

180 1918 351 1993 reddiderit,
380 1919 458 1995 quod
484 1923 605 1994 propter
625 1917 700 1976 illud
723 1917 822 1993 debet;
849 1921 880 1976 et
906 1922 940 1975 ut
961 1935 1025 1976 eer-

180 2025 269 2084 tiores
284 2025 344 2084 sint
358 2023 623 2099 argumentationes
637 2027 718 2096 tuae,
737 2021 780 2081 sic
790 2020 905 2098 alonge
916 2022 1025 2098 incipe,

181 2136 215 2190 ut
238 2147 287 2189 eas
310 2148 398 2205 supra
420 2130 537 2187 firmum
559 2128 783 2187 fundamentum
803 2129 973 2186 constituas.

246 2237 377 2294 Menam.
426 2235 555 2309 Adjuvet
586 2251 633 2292 me
663 2251 743 2291 nunc
768 2232 863 2305 Deua,
895 2233 965 2308 quia
990 2239 1024 2291 tu

181 2340 350 2399 nuliatenus
377 2339 449 2397 mihi
472 2338 580 2414 parole,
607 2356 662 2397 nec
684 2338 849 2397 consideras
870 2337 1024 2396 imbecilli-

181 2451 271 2503 tatem
294 2445 432 2504 scientiae
454 2462 550 2518 meae,
573 2444 621 2503 cui
643 2448 704 2502 tam
724 2460 865 2518 magnum
882 2460 956 2519 opus
978 2443 1024 2518 ine
1056 2494 1059 2499 .

180 2549 287 2625 jungis.
342 2549 469 2608 Tentabo
501 2554 612 2621 tamen,
648 2546 882 2624 quandoquidem
916 2547 1023 2625 incepi,

181 2673 241 2714 non
271 2655 303 2712 in
333 2673 394 2728 me,
430 2654 483 2712 sed
513 2654 546 2711 in
575 2653 637 2713 Deo
668 2653 817 2712 confidens
848 2658 879 2712 et
907 2653 1023 2728 faciam,

182 2761 260 2838 quod
291 2762 356 2837 ipso
382 2759 537 2835 adjuvante
563 2763 670 2834 potero.
721 2757 779 2817 Sed
805 2775 844 2816 ne
869 2758 1023 2818 fastidium

181 2866 254 2926 haec
289 2865 398 2925 volenti
433 2865 531 2939 legere
566 2862 654 2922 nimis
690 2863 776 2937 longa
807 2863 1024 2923 continuatione

182 2971 412 3048 generetur,²a
440 2969 525 3028 dictis
549 2968 671 3028 dicenda
697 2967 754 3026 alio
776 2967 894 3027 exordio
917 2969 1022 3049 dr'stim

182 3093 314 3151 guamue.

249 3196 257 3223 ¹
276 3193 308 3246 al.
328 3192 467 3260 quomodo.
541 3190 601 3261 ²a1.
618 3206 749 3258 uenerem.
