2190 3764
93 335 99 347 ,
120 266 182 325 128
360 323 363 327 ,
452 283 476 326 s.
497 284 626 325 susurru

88 521 91 527 Ι
117 441 303 517 praecedens.
353 441 516 500 Possumus
543 459 670 518 namque
702 441 811 516 dicere,
843 459 967 502 necesse

118 551 165 605 est
181 546 297 605 coelum
314 546 406 620 volvi,
429 546 499 633 quia
516 547 657 622 volvitru3
683 547 736 607 sed
752 565 812 606 non
831 546 968 607 similiter

118 658 164 712 est
185 670 301 726 verum,
324 631 480 712 idciruote
501 652 595 729 loqui,
618 652 689 729 quia
706 670 828 713 necesse
850 657 911 727 est,
934 658 969 712 ut

117 758 255 834 loquaris.
314 757 376 817 Ista
416 775 544 835 sequens
580 757 741 818 necessitas
781 759 874 818 currit
914 776 969 836 per

117 865 215 923 omnia
237 868 369 940 tempora
387 864 443 948 hoc
460 863 559 922 modo:
585 861 735 941 Quidquid
751 863 822 939 fuit,
845 881 969 925 necesse

117 975 165 1029 est
191 970 293 1028 fuisse.
343 967 491 1046 Quidquid
518 975 577 1044 est,
604 986 726 1030 necesse
752 974 799 1029 est
829 958 910 1045 esse,
939 974 969 1030 et

116 1093 238 1135 necesse
266 1080 313 1134 est
338 1074 473 1133 futurum
499 1076 601 1135 fuisse.
652 1072 801 1152 Quidquid
832 1075 969 1135 futurum

117 1187 177 1255 est,
204 1198 326 1240 necesse
358 1185 404 1240 est
434 1181 571 1240 futurum
601 1197 674 1241 esse.
724 1181 806 1241 Haec
837 1187 884 1240 est
915 1181 969 1241 iila

117 1287 291 1360 necessitas,
315 1304 390 1362 quae
413 1285 498 1362 (ubil
520 1291 627 1347 tractat
644 1286 818 1347 Aristoteles
840 1287 878 1346 de
900 1305 969 1365 pro-

118 1393 313 1468 positionibus
331 1391 530 1467 singularibus
544 1397 575 1452 et
588 1393 706 1469 futuris)
721 1393 840 1452 videtur
852 1397 969 1452 utrum-

118 1498 190 1557 h‘bet
221 1497 383 1573 destruere,
420 1503 450 1557 et
484 1499 582 1557 omnia
617 1516 682 1558 esse
718 1517 756 1558 ex
790 1499 970 1558 necessitate

118 1608 259 1662 astruere.
303 1603 367 1662 Hac
390 1604 525 1680 sequenti
553 1609 583 1663 et
604 1603 680 1663 nihil
703 1603 843 1663 efficienti
865 1622 969 1683 neces-

119 1712 218 1783 sitate,
245 1710 385 1786 quoniam
405 1727 475 1769 veru
495 1709 554 1769 fuit
579 1709 653 1769 fides
675 1709 725 1769 vel
749 1709 905 1786 prophetia
932 1711 970 1771 de

120 1816 249 1890 Christe,
278 1815 347 1892 quia
373 1833 412 1874 ex
437 1816 602 1889 voluntate,
633 1832 692 1874 non
723 1833 762 1874 ex
791 1817 970 1876 necessitate

119 1923 279 1981 moriturus
306 1925 382 1995 erat,
409 1938 532 1981 necesse
563 1921 633 1995 fuit,
660 1925 695 1979 ut
721 1920 764 1980 sic
790 1925 883 1997 esset;
911 1921 969 1982 hac

119 2030 205 2088 horno
228 2029 325 2087 factus
349 2032 406 2098 est;
430 2027 486 2086 hac
507 2027 590 2100 fecit,
614 2032 644 2086 et
666 2043 773 2102 passus
796 2031 854 2099 est,
883 2026 970 2103 quid-

119 2135 191 2212 quid
213 2134 284 2193 fecit
306 2139 336 2192 et
358 2150 464 2208 passus
487 2138 545 2209 est;
570 2133 625 2191 hac
643 2132 748 2206 voluit,
772 2149 970 2209 quaecunque

119 2240 220 2299 voluit.
258 2239 330 2297 Ideo
346 2240 424 2297 enirn
439 2239 615 2298 necessitate
630 2239 762 2312 fuerunt,
783 2216 969 2315 quia'futura

119 2352 214 2420 erant,
238 2351 268 2404 et
289 2346 388 2404 futura
410 2350 504 2418 erant,
527 2344 596 2420 quia
618 2344 751 2417 fuerunt,
780 2351 810 2401 et
837 2344 969 2417 fuerunt,

120 2454 189 2530 quia
215 2441 347 2527 fuerunt3
375 2457 405 2510 et
432 2450 457 2509 si
484 2450 530 2508 vis
558 2451 700 2520 omnium,
733 2467 808 2526 quae
840 2449 911 2508 fecit
939 2454 970 2508 et

120 2577 195 2635 quae
217 2575 325 2635 passus
349 2562 402 2630 est,
426 2574 526 2614 veram
551 2556 625 2614 scire
648 2555 867 2628 necessitatem,
892 2553 968 2614 scito

120 2665 218 2724 omnia
248 2682 287 2723 ex
319 2662 494 2722 necessitate
530 2661 635 2734 fuisse,
668 2661 738 2738 quia
767 2660 832 2736 ipse
864 2660 968 2720 voluit.

120 2772 310 2830 Voluntatem
327 2769 420 2828 vero²
438 2769 502 2843 ejus
521 2767 604 2825 nulla
617 2766 778 2843 praecessit
795 2766 967 2825 necessitas,

73 2952 75 2956 Α
120 2877 215 2950 Quare
239 2878 347 2936 sinon
374 2875 506 2945 fuerunt,
534 2873 593 2931 nisi
620 2873 690 2948 quia
716 2872 780 2947 ipse
806 2871 913 2945 voluit,
943 2870 969 2931 si

119 3003 179 3043 non
206 2982 360 3054 voluisset,
388 2998 447 3039 non
473 2979 609 3037 fuissent.
656 2977 705 3038 Sic
730 2977 854 3053 itaquo³
881 2995 968 3036 nemo

120 3090 188 3147 tulit
211 3089 337 3147 animam
360 3088 424 3162 ejus
447 3088 483 3145 ab
506 3085 570 3158 illo,
595 3084 647 3143 sed
675 3084 738 3160 ipse
765 3081 866 3159 posuit
893 3100 967 3158 eam,

232 3207 292 3260 ¹al.
311 3211 349 3259 ut.
424 3203 484 3257 ²al.
504 3220 573 3272 erpo.
649 3201 710 3255 ⁸al.
746 3201 850 3270 otique.
