<?xml version="1.0" encoding="UTF-8"?>
<!DOCTYPE html PUBLIC "-//W3C//DTD XHTML 1.0 Transitional//EN"
    "http://www.w3.org/TR/xhtml1/DTD/xhtml1-transitional.dtd">
<html xmlns="http://www.w3.org/1999/xhtml" xml:lang="en" lang="en">
 <head>
  <title>
</title>
<meta http-equiv="Content-Type" content="text/html;charset=utf-8" />
  <meta name='ocr-system' content='tesseract 3.04.00' />
  <meta name='ocr-capabilities' content='ocr_page ocr_carea ocr_par ocr_line ocrx_word'/>
</head>
<body>
  <div class='ocr_page' id='page_1' title='image "./curdeushomolibr01ansegoog_0131.png"; bbox 0 0 2190 3764; ppageno 0'>
   <div class='ocr_carea' id='block_1_1' title="bbox 152 271 667 331">
    <p class='ocr_par' dir='ltr' id='par_1_1' title="bbox 152 271 667 331">
     <span class='ocr_line' id='line_1_1' title="bbox 152 271 667 331; baseline -0.004 -1"><span class='ocrx_word' id='word_1_1' title='bbox 152 271 216 330; x_wconf 83' lang='lat'>124</span> <span class='ocrx_word' id='word_1_2' title='bbox 488 280 514 331; x_wconf 76' lang='lat' dir='ltr'>s</span> <span class='ocrx_word' id='word_1_3' title='bbox 536 281 667 328; x_wconf 70' lang='lat' dir='ltr'>ausum</span> 
     </span>
    </p>
   </div>
   <div class='ocr_carea' id='block_1_2' title="bbox 150 443 1008 623">
    <p class='ocr_par' dir='ltr' id='par_1_2' title="bbox 150 443 1008 623">
     <span class='ocr_line' id='line_1_2' title="bbox 150 443 1008 520; baseline -0.002 -15"><span class='ocrx_word' id='word_1_4' title='bbox 150 447 214 520; x_wconf 86' lang='lat' dir='ltr'>fiat,</span> <span class='ocrx_word' id='word_1_5' title='bbox 246 462 306 504; x_wconf 89' lang='lat' dir='ltr'>non</span> <span class='ocrx_word' id='word_1_6' title='bbox 337 443 432 520; x_wconf 81' lang='lat' dir='ltr'>possit</span> <span class='ocrx_word' id='word_1_7' title='bbox 462 461 522 503; x_wconf 90' lang='lat' dir='ltr'>non</span> <span class='ocrx_word' id='word_1_8' title='bbox 549 460 615 502; x_wconf 89' lang='lat' dir='ltr'>esse</span> <span class='ocrx_word' id='word_1_9' title='bbox 641 443 789 518; x_wconf 83' lang='lat' dir='ltr'>futurum,</span> <span class='ocrx_word' id='word_1_10' title='bbox 821 459 885 504; x_wconf 89' lang='lat' dir='ltr'>non</span> <span class='ocrx_word' id='word_1_11' title='bbox 908 447 1008 503; x_wconf 87' lang='lat' dir='ltr'>tamen</span> 
     </span>
     <span class='ocr_line' id='line_1_3' title="bbox 150 548 1007 623; baseline -0.001 -13"><span class='ocrx_word' id='word_1_12' title='bbox 150 551 214 610; x_wconf 87' lang='lat' dir='ltr'>ulla</span> <span class='ocrx_word' id='word_1_13' title='bbox 236 555 281 610; x_wconf 90' lang='lat' dir='ltr'>est</span> <span class='ocrx_word' id='word_1_14' title='bbox 302 550 335 611; x_wconf 93' lang='lat' dir='ltr'>in</span> <span class='ocrx_word' id='word_1_15' title='bbox 352 568 386 609; x_wconf 92' lang='lat' dir='ltr'>eo</span> <span class='ocrx_word' id='word_1_16' title='bbox 400 549 527 609; x_wconf 78' lang='lat' dir='ltr'>faciendi</span> <span class='ocrx_word' id='word_1_17' title='bbox 539 549 714 623; x_wconf 76' lang='lat' dir='ltr'>necessitas,</span> <span class='ocrx_word' id='word_1_18' title='bbox 736 553 864 611; x_wconf 85' lang='lat' dir='ltr'>autnon</span> <span class='ocrx_word' id='word_1_19' title='bbox 877 548 1007 620; x_wconf 78' lang='lat' dir='ltr'>faciendi</span> 
     </span>
    </p>
   </div>
   <div class='ocr_carea' id='block_1_3' title="bbox 34 653 1006 734">
    <p class='ocr_par' dir='ltr' id='par_1_3' title="bbox 34 653 1006 734">
     <span class='ocr_line' id='line_1_4' title="bbox 34 653 1006 734; baseline 0 -19"><span class='ocrx_word' id='word_1_20' title='bbox 34 704 40 715; x_wconf 82' lang='lat'>.</span> <span class='ocrx_word' id='word_1_21' title='bbox 150 656 385 734; x_wconf 86' lang='lat' dir='ltr'>impossibilitas,</span> <span class='ocrx_word' id='word_1_22' title='bbox 409 655 479 732; x_wconf 78' lang='lat' dir='ltr'>quia</span> <span class='ocrx_word' id='word_1_23' title='bbox 501 655 563 714; x_wconf 83' lang='lat' dir='ltr'>sola</span> <span class='ocrx_word' id='word_1_24' title='bbox 585 658 722 730; x_wconf 77' lang='lat' dir='ltr'>operatur</span> <span class='ocrx_word' id='word_1_25' title='bbox 741 653 776 713; x_wconf 89' lang='lat' dir='ltr'>iu</span> <span class='ocrx_word' id='word_1_26' title='bbox 797 671 833 715; x_wconf 92' lang='lat' dir='ltr'>eo</span> <span class='ocrx_word' id='word_1_27' title='bbox 855 655 1006 715; x_wconf 80' lang='lat' dir='ltr'>voluntas</span> 
     </span>
    </p>
   </div>
   <div class='ocr_carea' id='block_1_4' title="bbox 146 759 1008 3167">
    <p class='ocr_par' dir='ltr' id='par_1_4' title="bbox 146 759 1008 3167">
     <span class='ocr_line' id='line_1_5' title="bbox 148 759 1008 838; baseline -0.002 -16"><span class='ocrx_word' id='word_1_28' title='bbox 148 762 293 837; x_wconf 74' lang='lat' dir='ltr'>Quotiens</span> <span class='ocrx_word' id='word_1_29' title='bbox 320 779 448 838; x_wconf 86' lang='lat' dir='ltr'>nemque</span> <span class='ocrx_word' id='word_1_30' title='bbox 474 760 583 820; x_wconf 89' lang='lat' dir='ltr'>dieitur</span> <span class='ocrx_word' id='word_1_31' title='bbox 604 759 685 819; x_wconf 89' lang='lat' dir='ltr'>Deus</span> <span class='ocrx_word' id='word_1_32' title='bbox 707 778 769 820; x_wconf 89' lang='lat' dir='ltr'>nou</span> <span class='ocrx_word' id='word_1_33' title='bbox 790 777 894 836; x_wconf 89' lang='lat' dir='ltr'>posse,</span> <span class='ocrx_word' id='word_1_34' title='bbox 923 761 1008 820; x_wconf 81' lang='lat' dir='ltr'>nulla</span> 
     </span>
     <span class='ocr_line' id='line_1_6' title="bbox 150 864 1007 945; baseline -0.002 -18"><span class='ocrx_word' id='word_1_35' title='bbox 150 874 275 945; x_wconf 84' lang='lat' dir='ltr'>negatur</span> <span class='ocrx_word' id='word_1_36' title='bbox 302 868 336 926; x_wconf 88' lang='lat' dir='ltr'>in</span> <span class='ocrx_word' id='word_1_37' title='bbox 363 886 396 927; x_wconf 88' lang='lat' dir='ltr'>eo</span> <span class='ocrx_word' id='word_1_38' title='bbox 423 872 565 943; x_wconf 88' lang='lat' dir='ltr'>potestas,</span> <span class='ocrx_word' id='word_1_39' title='bbox 599 866 652 926; x_wconf 89' lang='lat' dir='ltr'>sed</span> <span class='ocrx_word' id='word_1_40' title='bbox 677 864 889 943; x_wconf 77' lang='lat' dir='ltr'>insuperabilis</span> <span class='ocrx_word' id='word_1_41' title='bbox 914 867 1007 943; x_wconf 82' lang='lat' dir='ltr'>signi-</span> 
     </span>
     <span class='ocr_line' id='line_1_7' title="bbox 149 970 1008 1049; baseline -0.005 -14"><span class='ocrx_word' id='word_1_42' title='bbox 149 973 274 1035; x_wconf 80' lang='lat' dir='ltr'>‘deuturl</span> <span class='ocrx_word' id='word_1_43' title='bbox 304 972 435 1049; x_wconf 85' lang='lat' dir='ltr'>potentia</span> <span class='ocrx_word' id='word_1_44' title='bbox 461 978 491 1032; x_wconf 88' lang='lat' dir='ltr'>et</span> <span class='ocrx_word' id='word_1_45' title='bbox 518 971 665 1032; x_wconf 85' lang='lat' dir='ltr'>fortitudo.</span> <span class='ocrx_word' id='word_1_46' title='bbox 715 970 784 1032; x_wconf 88' lang='lat' dir='ltr'>Nou</span> <span class='ocrx_word' id='word_1_47' title='bbox 809 971 893 1031; x_wconf 87' lang='lat' dir='ltr'>enim</span> <span class='ocrx_word' id='word_1_48' title='bbox 925 972 1008 1032; x_wconf 89' lang='lat' dir='ltr'>aliud</span> 
     </span>
     <span class='ocr_line' id='line_1_8' title="bbox 149 1077 1006 1156; baseline -0.005 -15"><span class='ocrx_word' id='word_1_49' title='bbox 149 1079 338 1156; x_wconf 77' lang='lat' dir='ltr'>intelligitur,</span> <span class='ocrx_word' id='word_1_50' title='bbox 371 1078 429 1138; x_wconf 87' lang='lat' dir='ltr'>nisi</span> <span class='ocrx_word' id='word_1_51' title='bbox 462 1078 532 1155; x_wconf 86' lang='lat' dir='ltr'>quia</span> <span class='ocrx_word' id='word_1_52' title='bbox 562 1077 646 1136; x_wconf 79' lang='lat' dir='ltr'>nulia</span> <span class='ocrx_word' id='word_1_53' title='bbox 676 1095 724 1137; x_wconf 87' lang='lat' dir='ltr'>res</span> <span class='ocrx_word' id='word_1_54' title='bbox 752 1081 850 1154; x_wconf 86' lang='lat' dir='ltr'>potest</span> <span class='ocrx_word' id='word_1_55' title='bbox 877 1078 1006 1153; x_wconf 87' lang='lat' dir='ltr'>effioere,</span> 
     </span>
     <span class='ocr_line' id='line_1_9' title="bbox 148 1182 1007 1262; baseline -0.003 -16"><span class='ocrx_word' id='word_1_56' title='bbox 148 1194 184 1246; x_wconf 84' lang='lat' dir='ltr'>ut</span> <span class='ocrx_word' id='word_1_57' title='bbox 206 1191 273 1262; x_wconf 82' lang='lat' dir='ltr'>agat</span> <span class='ocrx_word' id='word_1_58' title='bbox 295 1185 369 1259; x_wconf 82' lang='lat' dir='ltr'>iile,</span> <span class='ocrx_word' id='word_1_59' title='bbox 387 1184 465 1261; x_wconf 84' lang='lat' dir='ltr'>quod</span> <span class='ocrx_word' id='word_1_60' title='bbox 487 1187 612 1260; x_wconf 85' lang='lat' dir='ltr'>negatur</span> <span class='ocrx_word' id='word_1_61' title='bbox 633 1200 729 1259; x_wconf 89' lang='lat' dir='ltr'>posse.</span> <span class='ocrx_word' id='word_1_62' title='bbox 773 1182 852 1243; x_wconf 83' lang='lat' dir='ltr'>Nam</span> <span class='ocrx_word' id='word_1_63' title='bbox 873 1184 1007 1243; x_wconf 87' lang='lat' dir='ltr'>multum</span> 
     </span>
     <span class='ocr_line' id='line_1_10' title="bbox 149 1288 1005 1365; baseline 0 -14"><span class='ocrx_word' id='word_1_64' title='bbox 149 1293 258 1352; x_wconf 78' lang='lat' dir='ltr'>usitata</span> <span class='ocrx_word' id='word_1_65' title='bbox 281 1296 327 1350; x_wconf 87' lang='lat' dir='ltr'>est</span> <span class='ocrx_word' id='word_1_66' title='bbox 349 1290 519 1365; x_wconf 85' lang='lat' dir='ltr'>hujusmodi</span> <span class='ocrx_word' id='word_1_67' title='bbox 540 1289 662 1364; x_wconf 81' lang='lat' dir='ltr'>locutio,</span> <span class='ocrx_word' id='word_1_68' title='bbox 684 1293 719 1349; x_wconf 87' lang='lat' dir='ltr'>ut</span> <span class='ocrx_word' id='word_1_69' title='bbox 740 1288 856 1349; x_wconf 76' lang='lat' dir='ltr'>dioeun</span> <span class='ocrx_word' id='word_1_70' title='bbox 877 1307 929 1350; x_wconf 89' lang='lat' dir='ltr'>res</span> <span class='ocrx_word' id='word_1_71' title='bbox 951 1290 1005 1351; x_wconf 85' lang='lat' dir='ltr'>ali·</span> 
     </span>
     <span class='ocr_line' id='line_1_11' title="bbox 148 1394 1008 1475; baseline -0.001 -19"><span class='ocrx_word' id='word_1_72' title='bbox 148 1416 208 1475; x_wconf 83' lang='lat' dir='ltr'>qua</span> <span class='ocrx_word' id='word_1_73' title='bbox 230 1414 329 1473; x_wconf 87' lang='lat' dir='ltr'>posse,</span> <span class='ocrx_word' id='word_1_74' title='bbox 353 1414 412 1454; x_wconf 92' lang='lat' dir='ltr'>non</span> <span class='ocrx_word' id='word_1_75' title='bbox 435 1396 505 1472; x_wconf 87' lang='lat' dir='ltr'>qnia</span> <span class='ocrx_word' id='word_1_76' title='bbox 526 1397 559 1454; x_wconf 92' lang='lat' dir='ltr'>in</span> <span class='ocrx_word' id='word_1_77' title='bbox 580 1395 645 1470; x_wconf 79' lang='lat' dir='ltr'>ille,</span> <span class='ocrx_word' id='word_1_78' title='bbox 669 1395 722 1454; x_wconf 87' lang='lat' dir='ltr'>sed</span> <span class='ocrx_word' id='word_1_79' title='bbox 744 1394 883 1473; x_wconf 87' lang='lat' dir='ltr'>quoniam</span> <span class='ocrx_word' id='word_1_80' title='bbox 900 1395 937 1455; x_wconf 93' lang='lat' dir='ltr'>in</span> <span class='ocrx_word' id='word_1_81' title='bbox 949 1395 1008 1455; x_wconf 82' lang='lat' dir='ltr'>alia</span> 
     </span>
     <span class='ocr_line' id='line_1_12' title="bbox 149 1501 1008 1578; baseline -0.001 -16"><span class='ocrx_word' id='word_1_82' title='bbox 149 1521 182 1563; x_wconf 82' lang='lat' dir='ltr'>re</span> <span class='ocrx_word' id='word_1_83' title='bbox 209 1508 255 1561; x_wconf 88' lang='lat' dir='ltr'>est</span> <span class='ocrx_word' id='word_1_84' title='bbox 281 1507 424 1578; x_wconf 86' lang='lat' dir='ltr'>potestas;</span> <span class='ocrx_word' id='word_1_85' title='bbox 457 1506 487 1560; x_wconf 92' lang='lat' dir='ltr'>et</span> <span class='ocrx_word' id='word_1_86' title='bbox 513 1519 573 1560; x_wconf 88' lang='lat' dir='ltr'>non</span> <span class='ocrx_word' id='word_1_87' title='bbox 595 1519 694 1578; x_wconf 89' lang='lat' dir='ltr'>posse,</span> <span class='ocrx_word' id='word_1_88' title='bbox 726 1519 787 1561; x_wconf 92' lang='lat' dir='ltr'>non</span> <span class='ocrx_word' id='word_1_89' title='bbox 809 1501 953 1577; x_wconf 83' lang='lat' dir='ltr'>quoniam</span> <span class='ocrx_word' id='word_1_90' title='bbox 973 1502 1008 1561; x_wconf 89' lang='lat' dir='ltr'>in</span> 
     </span>
     <span class='ocr_line' id='line_1_13' title="bbox 148 1606 1006 1684; baseline 0 -16"><span class='ocrx_word' id='word_1_91' title='bbox 148 1609 214 1682; x_wconf 82' lang='lat' dir='ltr'>iiia,</span> <span class='ocrx_word' id='word_1_92' title='bbox 242 1608 294 1667; x_wconf 90' lang='lat' dir='ltr'>sed</span> <span class='ocrx_word' id='word_1_93' title='bbox 322 1607 391 1684; x_wconf 85' lang='lat' dir='ltr'>quia</span> <span class='ocrx_word' id='word_1_94' title='bbox 416 1607 450 1665; x_wconf 90' lang='lat' dir='ltr'>in</span> <span class='ocrx_word' id='word_1_95' title='bbox 476 1606 534 1665; x_wconf 81' lang='lat' dir='ltr'>alia</span> <span class='ocrx_word' id='word_1_96' title='bbox 559 1625 592 1667; x_wconf 88' lang='lat' dir='ltr'>re</span> <span class='ocrx_word' id='word_1_97' title='bbox 619 1612 665 1666; x_wconf 89' lang='lat' dir='ltr'>est</span> <span class='ocrx_word' id='word_1_98' title='bbox 690 1606 871 1683; x_wconf 77' lang='lat' dir='ltr'>impotentia</span> <span class='ocrx_word' id='word_1_99' title='bbox 924 1606 1006 1668; x_wconf 91' lang='lat' dir='ltr'>Dioi·</span> 
     </span>
     <span class='ocr_line' id='line_1_14' title="bbox 149 1712 1007 1791; baseline 0 -18"><span class='ocrx_word' id='word_1_100' title='bbox 149 1733 216 1774; x_wconf 87' lang='lat' dir='ltr'>mus</span> <span class='ocrx_word' id='word_1_101' title='bbox 239 1731 379 1791; x_wconf 85' lang='lat' dir='ltr'>namque:</span> <span class='ocrx_word' id='word_1_102' title='bbox 412 1713 469 1772; x_wconf 88' lang='lat' dir='ltr'>iste</span> <span class='ocrx_word' id='word_1_103' title='bbox 496 1714 583 1772; x_wconf 90' lang='lat' dir='ltr'>homo</span> <span class='ocrx_word' id='word_1_104' title='bbox 605 1718 703 1789; x_wconf 86' lang='lat' dir='ltr'>potest</span> <span class='ocrx_word' id='word_1_105' title='bbox 724 1712 816 1787; x_wconf 84' lang='lat' dir='ltr'>vinei,</span> <span class='ocrx_word' id='word_1_106' title='bbox 848 1730 918 1789; x_wconf 86' lang='lat' dir='ltr'>pro:</span> <span class='ocrx_word' id='word_1_107' title='bbox 951 1714 1007 1775; x_wconf 85' lang='lat' dir='ltr'>ali·</span> 
     </span>
     <span class='ocr_line' id='line_1_15' title="bbox 150 1818 1007 1898; baseline 0.002 -20"><span class='ocrx_word' id='word_1_108' title='bbox 150 1821 218 1898; x_wconf 90' lang='lat' dir='ltr'>quis</span> <span class='ocrx_word' id='word_1_109' title='bbox 254 1824 352 1897; x_wconf 84' lang='lat' dir='ltr'>potest</span> <span class='ocrx_word' id='word_1_110' title='bbox 383 1837 452 1878; x_wconf 90' lang='lat' dir='ltr'>eum</span> <span class='ocrx_word' id='word_1_111' title='bbox 482 1819 613 1896; x_wconf 81' lang='lat' dir='ltr'>vincere;</span> <span class='ocrx_word' id='word_1_112' title='bbox 650 1823 693 1878; x_wconf 89' lang='lat' dir='ltr'>et:</span> <span class='ocrx_word' id='word_1_113' title='bbox 730 1818 783 1878; x_wconf 88' lang='lat' dir='ltr'>ille</span> <span class='ocrx_word' id='word_1_114' title='bbox 814 1832 882 1879; x_wconf 82' lang='lat' dir='ltr'>non·</span> <span class='ocrx_word' id='word_1_115' title='bbox 906 1823 1007 1896; x_wconf 87' lang='lat' dir='ltr'>potest</span> 
     </span>
     <span class='ocr_line' id='line_1_16' title="bbox 147 1924 1007 2002; baseline -0.001 -17"><span class='ocrx_word' id='word_1_116' title='bbox 147 1927 240 2002; x_wconf 85' lang='lat' dir='ltr'>vinei,</span> <span class='ocrx_word' id='word_1_117' title='bbox 278 1944 345 2002; x_wconf 85' lang='lat' dir='ltr'>pro:</span> <span class='ocrx_word' id='word_1_118' title='bbox 382 1925 484 1984; x_wconf 85' lang='lat' dir='ltr'>nulius</span> <span class='ocrx_word' id='word_1_119' title='bbox 517 1943 587 1984; x_wconf 89' lang='lat' dir='ltr'>eum</span> <span class='ocrx_word' id='word_1_120' title='bbox 622 1925 741 1984; x_wconf 77' lang='lat' dir='ltr'>vincere</span> <span class='ocrx_word' id='word_1_121' title='bbox 771 1928 877 2001; x_wconf 82' lang='lat' dir='ltr'>potest</span> <span class='ocrx_word' id='word_1_122' title='bbox 937 1924 1007 1986; x_wconf 90' lang='lat' dir='ltr'>Non</span> 
     </span>
     <span class='ocr_line' id='line_1_17' title="bbox 148 2029 1005 2109; baseline -0.001 -18"><span class='ocrx_word' id='word_1_123' title='bbox 148 2034 229 2092; x_wconf 88' lang='lat' dir='ltr'>enim</span> <span class='ocrx_word' id='word_1_124' title='bbox 255 2036 385 2108; x_wconf 87' lang='lat' dir='ltr'>potestas</span> <span class='ocrx_word' id='word_1_125' title='bbox 413 2036 459 2090; x_wconf 89' lang='lat' dir='ltr'>est</span> <span class='ocrx_word' id='word_1_126' title='bbox 489 2048 577 2107; x_wconf 90' lang='lat' dir='ltr'>posse</span> <span class='ocrx_word' id='word_1_127' title='bbox 608 2030 700 2105; x_wconf 84' lang='lat' dir='ltr'>vinei,</span> <span class='ocrx_word' id='word_1_128' title='bbox 733 2029 785 2090; x_wconf 91' lang='lat' dir='ltr'>sed</span> <span class='ocrx_word' id='word_1_129' title='bbox 815 2030 1005 2109; x_wconf 72' lang='lat' dir='ltr'>impotentia,</span> 
     </span>
     <span class='ocr_line' id='line_1_18' title="bbox 149 2136 1005 2214; baseline 0.002 -17"><span class='ocrx_word' id='word_1_130' title='bbox 149 2157 205 2198; x_wconf 86' lang='lat' dir='ltr'>nee</span> <span class='ocrx_word' id='word_1_131' title='bbox 226 2138 307 2197; x_wconf 79' lang='lat' dir='ltr'>vinei</span> <span class='ocrx_word' id='word_1_132' title='bbox 329 2156 389 2196; x_wconf 90' lang='lat' dir='ltr'>non</span> <span class='ocrx_word' id='word_1_133' title='bbox 411 2155 499 2213; x_wconf 90' lang='lat' dir='ltr'>posse</span> <span class='ocrx_word' id='word_1_134' title='bbox 520 2136 693 2214; x_wconf 85' lang='lat' dir='ltr'>impotentia</span> <span class='ocrx_word' id='word_1_135' title='bbox 715 2141 773 2210; x_wconf 89' lang='lat' dir='ltr'>est,</span> <span class='ocrx_word' id='word_1_136' title='bbox 797 2136 850 2195; x_wconf 88' lang='lat' dir='ltr'>sed</span> <span class='ocrx_word' id='word_1_137' title='bbox 863 2140 1005 2213; x_wconf 82' lang='lat' dir='ltr'>potestas.</span> 
     </span>
     <span class='ocr_line' id='line_1_19' title="bbox 149 2241 1005 2319; baseline -0.002 -16"><span class='ocrx_word' id='word_1_138' title='bbox 149 2243 213 2303; x_wconf 86' lang='lat' dir='ltr'>Nee</span> <span class='ocrx_word' id='word_1_139' title='bbox 240 2244 366 2302; x_wconf 78' lang='lat' dir='ltr'>dicimus</span> <span class='ocrx_word' id='word_1_140' title='bbox 389 2242 484 2302; x_wconf 91' lang='lat' dir='ltr'>Deum</span> <span class='ocrx_word' id='word_1_141' title='bbox 507 2243 682 2302; x_wconf 87' lang='lat' dir='ltr'>neeessitate</span> <span class='ocrx_word' id='word_1_142' title='bbox 704 2242 800 2302; x_wconf 84' lang='lat' dir='ltr'>faeere</span> <span class='ocrx_word' id='word_1_143' title='bbox 822 2241 938 2319; x_wconf 81' lang='lat' dir='ltr'>aliquid</span> <span class='ocrx_word' id='word_1_144' title='bbox 961 2261 1005 2317; x_wconf 83' lang='lat' dir='ltr'>eo,</span> 
     </span>
     <span class='ocr_line' id='line_1_20' title="bbox 149 2349 1006 2427; baseline 0.002 -20"><span class='ocrx_word' id='word_1_145' title='bbox 149 2351 228 2427; x_wconf 86' lang='lat' dir='ltr'>quod</span> <span class='ocrx_word' id='word_1_146' title='bbox 250 2350 282 2406; x_wconf 87' lang='lat' dir='ltr'>in</span> <span class='ocrx_word' id='word_1_147' title='bbox 304 2349 357 2408; x_wconf 88' lang='lat' dir='ltr'>illo</span> <span class='ocrx_word' id='word_1_148' title='bbox 380 2349 420 2407; x_wconf 88' lang='lat' dir='ltr'>sit</span> <span class='ocrx_word' id='word_1_149' title='bbox 441 2349 504 2406; x_wconf 85' lang='lat' dir='ltr'>ulla</span> <span class='ocrx_word' id='word_1_150' title='bbox 526 2349 700 2423; x_wconf 78' lang='lat' dir='ltr'>necessitas,</span> <span class='ocrx_word' id='word_1_151' title='bbox 724 2349 776 2407; x_wconf 88' lang='lat' dir='ltr'>sed</span> <span class='ocrx_word' id='word_1_152' title='bbox 799 2349 940 2426; x_wconf 84' lang='lat' dir='ltr'>quoniam</span> <span class='ocrx_word' id='word_1_153' title='bbox 959 2353 1006 2409; x_wconf 88' lang='lat' dir='ltr'>est</span> 
     </span>
     <span class='ocr_line' id='line_1_21' title="bbox 147 2453 1005 2531; baseline 0.002 -19"><span class='ocrx_word' id='word_1_154' title='bbox 147 2454 178 2512; x_wconf 88' lang='lat' dir='ltr'>in</span> <span class='ocrx_word' id='word_1_155' title='bbox 203 2455 273 2527; x_wconf 88' lang='lat' dir='ltr'>alio,</span> <span class='ocrx_word' id='word_1_156' title='bbox 299 2454 375 2513; x_wconf 85' lang='lat' dir='ltr'>sieut</span> <span class='ocrx_word' id='word_1_157' title='bbox 397 2454 461 2512; x_wconf 85' lang='lat' dir='ltr'>dixi</span> <span class='ocrx_word' id='word_1_158' title='bbox 483 2454 519 2513; x_wconf 90' lang='lat' dir='ltr'>de</span> <span class='ocrx_word' id='word_1_159' title='bbox 542 2455 725 2531; x_wconf 81' lang='lat' dir='ltr'>impotentia,</span> <span class='ocrx_word' id='word_1_160' title='bbox 754 2453 870 2530; x_wconf 84' lang='lat' dir='ltr'>quando</span> <span class='ocrx_word' id='word_1_161' title='bbox 893 2454 1005 2514; x_wconf 87' lang='lat' dir='ltr'>dieitur</span> 
     </span>
     <span class='ocr_line' id='line_1_22' title="bbox 148 2557 1004 2637; baseline 0.002 -18"><span class='ocrx_word' id='word_1_162' title='bbox 148 2578 208 2619; x_wconf 92' lang='lat' dir='ltr'>non</span> <span class='ocrx_word' id='word_1_163' title='bbox 244 2577 338 2635; x_wconf 92' lang='lat' dir='ltr'>posse.</span> <span class='ocrx_word' id='word_1_164' title='bbox 399 2557 501 2619; x_wconf 88' lang='lat' dir='ltr'>Omnis</span> <span class='ocrx_word' id='word_1_165' title='bbox 538 2561 648 2637; x_wconf 89' lang='lat' dir='ltr'>quippe</span> <span class='ocrx_word' id='word_1_166' title='bbox 679 2559 840 2619; x_wconf 73' lang='lat' dir='ltr'>nenessitas</span> <span class='ocrx_word' id='word_1_167' title='bbox 871 2564 919 2620; x_wconf 87' lang='lat' dir='ltr'>est</span> <span class='ocrx_word' id='word_1_168' title='bbox 951 2564 1004 2621; x_wconf 81' lang='lat' dir='ltr'>aut</span> 
     </span>
     <span class='ocr_line' id='line_1_23' title="bbox 146 2665 1003 2743; baseline 0.001 -18"><span class='ocrx_word' id='word_1_169' title='bbox 146 2666 270 2739; x_wconf 84' lang='lat' dir='ltr'>eoaetio,</span> <span class='ocrx_word' id='word_1_170' title='bbox 307 2670 359 2723; x_wconf 88' lang='lat' dir='ltr'>aut</span> <span class='ocrx_word' id='word_1_171' title='bbox 389 2666 559 2743; x_wconf 74' lang='lat' dir='ltr'>prohibitio,</span> <span class='ocrx_word' id='word_1_172' title='bbox 597 2685 672 2743; x_wconf 87' lang='lat' dir='ltr'>quae</span> <span class='ocrx_word' id='word_1_173' title='bbox 703 2667 778 2724; x_wconf 84' lang='lat' dir='ltr'>duae</span> <span class='ocrx_word' id='word_1_174' title='bbox 808 2665 1003 2726; x_wconf 75' lang='lat' dir='ltr'>nenessitates</span> 
     </span>
     <span class='ocr_line' id='line_1_24' title="bbox 148 2771 1005 2846; baseline 0.001 -14"><span class='ocrx_word' id='word_1_175' title='bbox 148 2777 359 2832; x_wconf 75' lang='lat' dir='ltr'>convertuntur</span> <span class='ocrx_word' id='word_1_176' title='bbox 385 2771 513 2830; x_wconf 81' lang='lat' dir='ltr'>invicem</span> <span class='ocrx_word' id='word_1_177' title='bbox 536 2772 690 2846; x_wconf 75' lang='lat' dir='ltr'>contrarie,</span> <span class='ocrx_word' id='word_1_178' title='bbox 720 2771 797 2830; x_wconf 86' lang='lat' dir='ltr'>siout</span> <span class='ocrx_word' id='word_1_179' title='bbox 823 2788 946 2838; x_wconf 81' lang='lat' dir='ltr'>neeesse</span> <span class='ocrx_word' id='word_1_180' title='bbox 973 2776 1005 2833; x_wconf 86' lang='lat' dir='ltr'>et</span> 
     </span>
     <span class='ocr_line' id='line_1_25' title="bbox 149 2876 1004 2955; baseline 0.002 -18"><span class='ocrx_word' id='word_1_181' title='bbox 149 2878 341 2954; x_wconf 86' lang='lat' dir='ltr'>impossibile.</span> <span class='ocrx_word' id='word_1_182' title='bbox 377 2876 526 2954; x_wconf 81' lang='lat' dir='ltr'>Quidquid</span> <span class='ocrx_word' id='word_1_183' title='bbox 548 2896 675 2954; x_wconf 82' lang='lat' dir='ltr'>namque</span> <span class='ocrx_word' id='word_1_184' title='bbox 697 2878 812 2953; x_wconf 84' lang='lat' dir='ltr'>cogitur</span> <span class='ocrx_word' id='word_1_185' title='bbox 833 2894 912 2951; x_wconf 85' lang='lat' dir='ltr'>esse,</span> <span class='ocrx_word' id='word_1_186' title='bbox 935 2896 1004 2955; x_wconf 87' lang='lat' dir='ltr'>pro·</span> 
     </span>
     <span class='ocr_line' id='line_1_26' title="bbox 150 2983 1003 3059; baseline 0.001 -17"><span class='ocrx_word' id='word_1_187' title='bbox 150 2984 268 3043; x_wconf 77' lang='lat' dir='ltr'>hibetuu·</span> <span class='ocrx_word' id='word_1_188' title='bbox 303 3002 363 3042; x_wconf 88' lang='lat' dir='ltr'>non</span> <span class='ocrx_word' id='word_1_189' title='bbox 395 3001 472 3056; x_wconf 89' lang='lat' dir='ltr'>esse,</span> <span class='ocrx_word' id='word_1_190' title='bbox 510 2989 540 3042; x_wconf 87' lang='lat' dir='ltr'>et</span> <span class='ocrx_word' id='word_1_191' title='bbox 575 2984 654 3059; x_wconf 90' lang='lat' dir='ltr'>quod</span> <span class='ocrx_word' id='word_1_192' title='bbox 689 2983 804 3059; x_wconf 76' lang='lat' dir='ltr'>cogitur</span> <span class='ocrx_word' id='word_1_193' title='bbox 832 3000 895 3046; x_wconf 88' lang='lat' dir='ltr'>non</span> <span class='ocrx_word' id='word_1_194' title='bbox 926 3001 1003 3059; x_wconf 85' lang='lat' dir='ltr'>esse,</span> 
     </span>
     <span class='ocr_line' id='line_1_27' title="bbox 146 3089 1004 3167; baseline 0.005 -21"><span class='ocrx_word' id='word_1_195' title='bbox 146 3090 319 3165; x_wconf 86' lang='lat' dir='ltr'>prohibetur</span> <span class='ocrx_word' id='word_1_196' title='bbox 342 3107 420 3167; x_wconf 73' lang='lat' dir='ltr'>esse,</span> <span class='ocrx_word' id='word_1_197' title='bbox 445 3090 689 3165; x_wconf 81' lang='lat' dir='ltr'>quemadmodum</span> <span class='ocrx_word' id='word_1_198' title='bbox 712 3089 790 3165; x_wconf 88' lang='lat' dir='ltr'>quod</span> <span class='ocrx_word' id='word_1_199' title='bbox 812 3104 934 3149; x_wconf 79' lang='lat' dir='ltr'>neeesse</span> <span class='ocrx_word' id='word_1_200' title='bbox 956 3094 1004 3150; x_wconf 83' lang='lat' dir='ltr'>est</span> 
     </span>
    </p>
   </div>
   <div class='ocr_carea' id='block_1_5' title="bbox 459 3207 681 3274">
    <p class='ocr_par' dir='ltr' id='par_1_5' title="bbox 459 3207 681 3274">
     <span class='ocr_line' id='line_1_28' title="bbox 459 3207 681 3274; baseline -0.005 -14"><span class='ocrx_word' id='word_1_201' title='bbox 459 3207 471 3238; x_wconf 90' lang='lat'>²</span> <span class='ocrx_word' id='word_1_202' title='bbox 487 3207 521 3260; x_wconf 81' lang='lat' dir='ltr'>al.</span> <span class='ocrx_word' id='word_1_203' title='bbox 541 3208 681 3274; x_wconf 48' lang='lat' dir='ltr'>sequatur.</span> 
     </span>
    </p>
   </div>
   <div class='ocr_carea' id='block_1_6' title="bbox 0 0 1100 3764">
    <p class='ocr_par' dir='ltr' id='par_1_6' title="bbox 0 0 1100 3764">
     <span class='ocr_line' id='line_1_29' title="bbox 0 0 1100 3764; baseline 0 1"><span class='ocrx_word' id='word_1_204' title='bbox 0 0 1100 3764; x_wconf 95' lang='lat' dir='ltr'> </span> 
     </span>
    </p>
   </div>
  </div>
 </body>
</html>
