2190 3764
125 249 189 312 130
339 324 342 335 Ι
459 264 485 312 s.
507 265 638 310 susmm

121 442 236 504 gerere,
259 424 337 502 quod
358 424 449 502 petis,
471 442 532 485 non
554 425 679 502 denego;
704 423 756 485 sed
778 424 849 502 quia
869 423 908 486 de
928 424 977 484 iu·

121 530 198 591 tuiis
223 531 354 591 incertus
385 548 465 606 sum,
497 530 667 608 promittere
697 548 758 591 non
783 531 889 606 audeo,
923 531 976 591 sed

121 636 179 697 Dei
201 635 407 714 dispositioni1
429 637 585 696 committo.
631 634 690 696 Sed
711 635 760 696 dio
781 653 874 711 nune,
903 637 976 714 quid

119 743 175 802 tibi
202 742 240 802 de
265 741 449 820 quaestione,
481 758 571 819 quam
600 741 634 801 in
659 741 805 818 principio
832 759 976 819 proposu-

120 848 185 923 isti,
212 851 332 925 propter
358 864 448 926 quam
473 847 549 908 aliae
574 846 685 906 multae
712 864 744 906 se
775 847 975 923 ingesserrmt,

120 940 349 1033 persolvendum
369 953 526 1013 uideatur.²

186 1059 270 1120 Boso.
326 1058 447 1120 Summa
481 1059 662 1136 quaestionis
698 1057 769 1134 fuit,
806 1076 861 1120 our
891 1059 975 1121 Deus

119 1167 206 1226 homo
233 1166 329 1224 faetus
357 1165 408 1239 sit,
434 1168 470 1224 ut
494 1181 550 1242 per
574 1169 699 1224 mortem
731 1181 815 1225 stram
847 1164 976 1226 salvaret

119 1271 281 1345 bominem,
313 1287 383 1330 oum
412 1270 469 1330 hoo
498 1269 557 1329 alio
592 1271 678 1330 modo
713 1269 846 1348 potuisse
876 1271 975 1332 faeere

119 1375 277 1434 videretur.
305 1376 354 1435 Ad
375 1393 466 1453 quam
490 1379 526 1434 tu
551 1375 655 1436 multis
677 1379 709 1435 et
729 1376 905 1436 neoessariis
926 1395 974 1436 ra·

118 1482 248 1542 tionibus
271 1481 452 1558 respondens
475 1481 630 1542 ostendisti
651 1481 895 1554 restaurationem
916 1482 974 1542 hu·

117 1606 221 1648 manae
261 1592 383 1646 natiuae
422 1604 483 1648 non
526 1587 664 1648 debuisse
709 1604 871 1662 remanere,
916 1605 975 1650 neo

117 1695 251 1773 potuisse
272 1693 350 1768 fieri,
373 1693 433 1753 nisi
456 1692 583 1753 solveret
603 1693 703 1768 homo,
727 1693 806 1770 quod
827 1711 881 1769 pro
903 1711 973 1771 peo-

116 1805 182 1860 oato
214 1799 276 1859 Deo
307 1799 443 1877 debebat3
477 1798 555 1877 quod
586 1798 719 1858 debitum
752 1802 870 1858 tantum
900 1805 973 1878 erat,

117 1905 267 1980 utillud,
299 1923 368 1965 oum
399 1922 459 1965 non
485 1905 604 1964 deberet
631 1904 757 1980 solvere,
788 1903 850 1964 nisi
875 1905 972 1982 homo,

117 2030 177 2072 non
200 2016 313 2089 posset,
335 2011 396 2071 nisi
417 2010 512 2088 Deus3
535 2011 577 2069 ita
604 2015 639 2069 ut
664 2010 742 2070 idem
770 2015 850 2070 esset
875 2011 972 2088 homo,

117 2118 171 2195 qui
193 2122 223 2177 et
245 2117 334 2177 Deus.
379 2116 465 2176 Unde
486 2133 607 2176 neeesse
630 2121 704 2190 erat,
726 2121 761 2175 ut
783 2116 865 2176 Deus
887 2135 972 2177 assu-

117 2228 211 2283 meret
232 2223 383 2283 hominem
404 2223 549 2282 unitatem
570 2239 725 2299 personae,
749 2226 895 2299 quatenus
918 2224 972 2301 qui

117 2329 151 2388 in
169 2334 273 2388 natura
292 2328 405 2388 solvere
423 2328 556 2404 debebat,
579 2333 609 2388 et
630 2346 691 2387 non
708 2332 834 2406 poterat,
852 2327 886 2386 in
904 2347 972 2406 per·

119 2452 191 2494 sona
213 2434 325 2508 esset,⁵
347 2452 422 2511 quae
444 2439 552 2510 posset
597 2433 734 2511 Denique
760 2433 890 2511 quiade
911 2435 971 2494 vir-

118 2541 200 2617 gine,
229 2545 259 2599 et
285 2559 304 2598 a
329 2556 455 2617 persona
480 2539 549 2599 Filii
575 2539 632 2599 Dei
664 2544 743 2601 esset
773 2541 970 2601 assumendus

117 2648 204 2706 homo
226 2645 291 2720 iile,
315 2646 367 2723 qui
389 2646 470 2705 Deus
492 2650 584 2724 esset3
607 2650 638 2705 et
656 2645 799 2724 quomodo
818 2645 884 2706 sine
900 2663 970 2722 per,

117 2758 181 2812 cato
208 2753 245 2812 de
270 2768 369 2811 massa
393 2752 555 2828 peceatrice
581 2751 693 2811 assumi
719 2750 859 2828 potuerit,
886 2769 970 2812 mon·

118 2857 228 2917 strasti.
249 2857 351 2916 Vitam
364 2863 463 2916 autem
476 2858 566 2934 hujus
579 2857 709 2917 hominis
728 2862 789 2916 tam
803 2856 968 2934 sublimem,
984 2837 988 2847 ⁸

117 2969 178 3021 tam
205 2964 363 3038 pretiosam
390 2963 575 3039 apertissime
601 2962 743 3039 probasti,
770 2967 806 3022 ut
833 2963 970 3024 suffioere

116 3070 212 3148 possit
231 3070 274 3126 ad
303 3069 488 3144 solvendum,
516 3068 594 3147 quod
624 3086 677 3145 pro
713 3068 847 3145 peccatis·
877 3068 969 3129 totius

181 3187 191 3217 ¹
209 3187 242 3240 al.
261 3187 476 3254 dispensationi.
539 3185 600 3240 ’ab
619 3186 766 3240 videretur.
828 3184 891 3239 'ab
909 3186 968 3256 qui
