2190 3764
120 279 164 340 64
258 277 260 280 ⁴
400 297 631 344 ·s.ausmm

119 463 172 516 aut
194 457 317 535 credunt
338 456 371 516 in
393 474 469 531 eum,
493 463 650 534 postquam
672 457 761 517 venit
803 457 863 518 Sed
880 457 970 519 chri-

121 569 200 622 stum
218 568 248 622 et
268 562 458 622 christianam
475 562 566 621 fidem
584 563 668 640 quasi
688 581 842 640 nunquam
858 564 971 625 fuisset

119 670 286 744 posuimuS,
313 668 430 746 quando
458 668 520 728 sola
542 668 667 744 ratione,
695 673 796 729 utrum
818 669 969 731 adventus

118 776 183 849 ejus
210 775 248 833 ad
275 774 465 833 salvationem
493 774 646 833 hominum
668 779 748 834 esset
768 777 969 852 necessarius,

119 899 256 957 qrraerere
278 880 494 956 proposuimus.

184 987 268 1046 Boso.
313 986 359 1046 Ita
385 985 516 1046 fecimus.

183 1094 314 1152 Ansam
360 1092 428 1152 Sola
450 1093 543 1168 igitur
563 1092 678 1152 ratione
701 1095 904 1169 procedamus.

184 1199 267 1258 Boso.
317 1196 458 1270 Quamvis
493 1198 525 1256 in
556 1198 707 1274 angustias
741 1200 885 1275 quasdam
916 1219 968 1261 me

117 1306 221 1379 duona,
248 1303 381 1363 desidero
404 1309 503 1362 tamen
525 1303 666 1378 multum,
688 1308 738 1379 ut,
766 1305 845 1364 sicut
860 1306 967 1373 ,incoe-

116 1411 201 1486 pisti,
224 1408 428 1486 progrediaris.

445 1585 526 1645 OAP.
552 1586 633 1645 XXI.

311 1703 408 1770 Quanti
427 1704 549 1773 ponderis
567 1705 602 1758 sit
620 1707 765 1774 peecatum.

181 1835 311 1892 Menam.
357 1832 505 1892 Ponamus
538 1833 636 1892 omnia
668 1834 733 1908 illa,
766 1851 842 1910 quae
875 1835 966 1896 modo

116 1937 273 2015 posuisti,l
300 1943 329 1997 te
356 1957 408 2015 pro
435 1944 555 2014 peccato
583 1955 672 2014 posse
694 1939 823 2014 solvere,
850 1944 881 1999 te
903 1958 965 2001 non

116 2045 233 2118 debere,
257 2049 286 2102 et
306 2044 470 2118 rideamne,
493 2049 592 2102 utrum
615 2045 750 2120 possint²
768 2045 903 2105 sufficere
924 2047 965 2106 ad

116 2150 345 2210 satisfactionem
367 2151 456 2209 nnius
479 2155 539 2208 tam
562 2152 646 2226 parvi
664 2151 785 2226 peccati,
809 2151 898 2211 sicuti
915 2157 966 2212 est

115 2274 193 2314 unus
216 2261 352 2332 aspectus
375 2262 476 2315 contra
498 2256 678 2315 voluntatem
702 2255 767 2316 Dei.
835 2317 837 2321 .

182 2361 265 2420 Boso,
319 2361 385 2421 Nisi
417 2363 486 2438 quia
519 2362 605 2420 audio
636 2367 666 2421 te
697 2363 753 2422 hoc
789 2381 899 2439 ponere
930 2364 965 2423 in

116 2467 326 2542 quaestionem,
349 2472 483 2543 putarem
506 2486 554 2526 me
577 2468 633 2527 hoc
650 2473 803 2544 peccatum
821 2487 882 2528 una
900 2470 965 2529 sola

116 2573 340 2648 compunctione
363 2573 468 2633 delere.

182 2680 311 2736 Ansnnu.
356 2678 495 2737 Nondum
523 2679 725 2754 considerasti,
757 2681 861 2757 quanti
888 2699 964 2760 pon-

114 2785 192 2842 deris
216 2784 257 2843 sit
276 2789 437 2860 peccatum.

181 2890 264 2949 Boso.
309 2889 397 2948 Nunc
420 2891 541 2949 ostende
564 2891 645 2951 mihi.

182 2998 311 3056 Ausnnu.
358 2995 390 3055 Si
412 2996 527 3056 videres
550 3002 579 3055 te
601 2997 632 3054 in
655 3003 815 3073 conspectu
837 2999 904 3073 Dei,
933 3005 966 3059 et

104 3099 223 3178 aliquis
246 3102 299 3160 tibi
314 3101 437 3160 diceret:
461 3102 559 3177 aspice
574 3101 660 3178 illuc;
684 3108 715 3161 et
731 3103 812 3163 Deus
829 3110 963 3165 econtra:

188 3219 248 3273 lal.
264 3219 447 3288 proposuisti.
523 3220 583 3274 ²al.
599 3221 698 3289 possit.
